
@misc{zotero-item-867,
	title = {Soil {Carbon} {Storage} {\textbar} {Learn} {Science} at {Scitable}},
	url = {https://www.nature.com/scitable/knowledge/library/soil-carbon-storage-84223790/},
	abstract = {Soil carbon storage is a vital ecosystem service, resulting from interactions of ecological processes. Human activities affecting these processes can lead to carbon loss or improved storage.},
	language = {en},
	urldate = {2025-04-06},
	note = {Cg\_cat: Soil Carbon Storage
Cg\_level: DIF
Cg\_topic: Soil Carbon Storage},
	file = {Snapshot:/Users/nico/Zotero/storage/7I2E9QLE/soil-carbon-storage-84223790.html:text/html},
}
