@article{Abdelfattah2013,
  author  = {Abdelfattah, M. A.},
  year    = {2013},
  title   = {Pedogenesis, land management and soil classification in hyper-arid environments: results and implications from a case study in the {United Arab Emirates}},
  journal = {Soil Use and Management},
  volume  = {29},
  pages   = {279--294},
  doi     = {10.1111/sum.12031}
}

@article{Aguilera2021,
  author  = {Aguilera, J. M. and Larra{\'\i}n, F.},
  year    = {2021},
  title   = {Natural laboratories in emerging countries and comparative advantages in science: evidence from {Chile}},
  journal = {Review of Policy Research},
  volume  = {38},
  pages   = {732--753},
  doi     = {10.1111/ropr.12450}
}

@article{Amundson2007,
  author  = {Amundson, R. and Richter, D. D. and Humphreys, G. S. and Jobb{\'a}gy, E. G. and Gaillardet, J.},
  year    = {2007},
  title   = {Coupling between biota and earth materials in the critical zone},
  journal = {Elements},
  volume  = {3},
  number  = {5},
  pages   = {327--332},
  doi     = {10.2113/gselements.3.5.327}
}

@article{Apprill2015,
  author  = {Apprill, A. and Mcnally, S. and Parsons, R. and Weber, L.},
  year    = {2015},
  title   = {Minor revision to {V4} region {S}su {rrna} 806{R} gene primer greatly increases detection of {Sar11} bacterioplankton},
  journal = {Aquatic Microbial Ecology},
  volume  = {75},
  pages   = {129--137},
  doi     = {10.3354/ame01753}
}

@article{Armstrong2016,
  author  = {Armstrong, A. and Valverde, A. and Ramond, J.-B. and Makhalanyane, T. P. and Jansson, J. K. and Hopkins, D. W. and others},
  year    = {2016},
  title   = {Temporal dynamics of hot desert microbial communities reveal structural and functional responses to water input},
  journal = {Scientific Reports},
  volume  = {6},
  pages   = {30085},
  doi     = {10.1038/srep30085}
}

@book{Arroyo2012,
  editor    = {Arroyo, M. T. K. and Zedler, P. H. and Fox, M. D.},
  year      = {2012},
  title     = {Ecology and biogeography of {M}editerranean ecosystems in {C}hile, {C}alifornia, and {A}ustralia},
  publisher = {Springer Science \& Business Media}
}

@article{AzuaBustos2018,
  author  = {Azua-Bustos, A. and Fairen, A. G. and Gonzalez-Silva, C. and Ascaso, C. and Carrizo, D. and Fernandez-Martinez, M. A. and others},
  year    = {2018},
  title   = {Unprecedented rains decimate surface microbial communities in the hyperarid core of the {A}tacama {D}esert},
  journal = {Scientific Reports},
  volume  = {8},
  pages   = {16706},
  doi     = {10.1038/s41598-018-35051-w}
}

@article{Bajerski2013,
  author  = {Bajerski, F. and Wagner, D.},
  year    = {2013},
  title   = {Bacterial succession in {A}ntarctic soils of two glacier forefields on {L}arsemann {H}ills, {E}ast {A}ntarctica},
  journal = {FEMS Microbiology Ecology},
  volume  = {85},
  pages   = {128--142},
  doi     = {10.1111/1574-6941.12105}
}

@article{Banerjee2016,
  author  = {Banerjee, S. and Kirkby, C. A. and Schmutter, D. and Bissett, A. and Kirkegaard, J. A. and Richardson, A. E.},
  year    = {2016},
  title   = {Network analysis reveals functional redundancy and keystone taxa amongst bacterial and fungal communities during organic matter decomposition in an arable soil},
  journal = {Soil Biology and Biochemistry},
  volume  = {97},
  pages   = {188--198},
  doi     = {10.1016/j.soilbio.2016.03.017}
}

@article{Barberan2012,
  author  = {Barberan, A. and Bates, S. T. and Casamayor, E. O. and Fierer, N.},
  year    = {2012},
  title   = {Using network analysis to explore co-occurrence patterns in soil microbial communities},
  journal = {The ISME Journal},
  volume  = {6},
  pages   = {343--351},
  doi     = {10.1038/ismej.2011.119}
}

@article{Barnard2013,
  author  = {Barnard, R. L. and Osborne, C. A. and Firestone, M. K.},
  year    = {2013},
  title   = {Responses of soil bacterial and fungal communities to extreme desiccation and rewetting},
  journal = {The ISME Journal},
  volume  = {7},
  pages   = {2229--2241},
  doi     = {10.1038/ismej.2013.104}
}

@article{Baumert2018,
  author  = {Baumert, V. L. and Vasilyeva, N. A. and Vladimirov, A. A. and Meier, I. C. and K{\"o}gel-Knabner, I. and Mueller, C. W.},
  year    = {2018},
  title   = {Root exudates induce soil macroaggregation facilitated by fungi in subsoil},
  journal = {Frontiers in Environmental Science},
  volume  = {6},
  pages   = {140},
  doi     = {10.3389/fenvs.2018.00140}
}

@article{Bernhard2018,
  author  = {Bernhard, N. and Moskwa, L.-M. and Schmidt, K. and Oeser, R. A. and Aburto, F. and Bader, M. Y. and others},
  year    = {2018},
  title   = {Pedogenic and microbial interrelations to regional climate and local topography: new insights from a climate gradient (arid to humid) along the coastal cordillera of {Chile}},
  journal = {Catena},
  volume  = {170},
  pages   = {335--355},
  doi     = {10.1016/j.catena.2018.06.018}
}

@article{Bestion2020,
  author  = {Bestion, E. and Barton, S. and Garc{\'\i}a, F. C. and Warfield, R. and Yvon-Durocher, G.},
  year    = {2020},
  title   = {Abrupt declines in marine phytoplankton production driven by warming and biodiversity loss in a microcosm experiment},
  journal = {Ecology Letters},
  volume  = {23},
  pages   = {457--466},
  doi     = {10.1111/ele.13444}
}

@article{Blankinship2016,
  author  = {Blankinship, J. C. and Fonte, S. J. and Six, J. and Schimel, J. P.},
  year    = {2016},
  title   = {Plant versus microbial controls on soil aggregate stability in a seasonally dry ecosystem},
  journal = {Geoderma},
  volume  = {272},
  pages   = {39--50},
  doi     = {10.1016/j.geoderma.2016.03.008}
}

@article{Bronick2005,
  author  = {Bronick, C. J. and Lal, R.},
  year    = {2005},
  title   = {Soil structure and management: a review},
  journal = {Geoderma},
  volume  = {124},
  pages   = {3--22},
  doi     = {10.1016/j.geoderma.2004.03.005}
}

@incollection{Buchan2011,
  author    = {Buchan, G. D.},
  year      = {2011},
  title     = {Temperature effects in soil},
  booktitle = {Encyclopedia of agrophysics},
  series    = {Encyclopedia of Earth Sciences Series},
  publisher = {Springer},
  address   = {Dordrecht}
}

@article{CaesarTonthat2007,
  author  = {Caesar-Tonthat, T. and Caesar, A. and Gaskin, J. and Sainju, U. and Busscher, W.},
  year    = {2007},
  title   = {Taxonomic diversity of predominant culturable bacteria associated with microaggregates from two different agroecosystems and their ability to aggregate soil in vitro},
  journal = {Applied Soil Ecology},
  volume  = {36},
  pages   = {10--21},
  doi     = {10.1016/j.apsoil.2006.11.007}
}

@article{Callahan2016,
  author  = {Callahan, B. J. and Mcmurdie, P. J. and Rosen, M. J. and Han, A. W. and Johnson, A. J. A. and Holmes, S. P.},
  year    = {2016},
  title   = {Dada2: High-resolution sample inference from {I}llumina amplicon data},
  journal = {Nature Methods},
  volume  = {13},
  pages   = {581--583},
  doi     = {10.1038/nmeth.3869}
}

@article{Calvaruso2009,
  author  = {Calvaruso, C. and Mareschal, L. and Turpault, M.-P. and Leclerc, E.},
  year    = {2009},
  title   = {Rapid clay weathering in the rhizosphere of {N}orway spruce and oak in an acid forest ecosystem},
  journal = {Soil Science Society of America Journal},
  volume  = {73},
  pages   = {331--338},
  doi     = {10.2136/sssaj2007.0400}
}

@article{Cavagnaro2016,
  author  = {Cavagnaro, T. R.},
  year    = {2016},
  title   = {Soil moisture legacy effects: impacts on soil nutrients, plants and mycorrhizal responsiveness},
  journal = {Soil Biology and Biochemistry},
  volume  = {95},
  pages   = {173--179},
  doi     = {10.1016/j.soilbio.2015.12.016}
}

@article{ChenLeung2021,
  author  = {Chen, Y.-J. and Leung, P. M. and Wood, J. L. and Bay, S. K. and Hugenholtz, P. and Kessler, A. J. and others},
  year    = {2021},
  title   = {Metabolic flexibility allows bacterial habitat generalists to become dominant in a frequently disturbed ecosystem},
  journal = {The ISME Journal},
  volume  = {15},
  pages   = {2986--3004},
  doi     = {10.1038/s41396-021-00988-w}
}

@article{ChenNeilson2021,
  author  = {Chen, Y. and Neilson, J. W. and Kushwaha, P. and Maier, R. M. and Barberan, A.},
  year    = {2021},
  title   = {Life-history strategies of soil microbial communities in an arid ecosystem},
  journal = {The ISME Journal},
  volume  = {15},
  pages   = {649--657},
  doi     = {10.1038/s41396-020-00803-y}
}

@article{Clavel2011,
  author  = {Clavel, J. and Julliard, R. and Devictor, V.},
  year    = {2011},
  title   = {Worldwide decline of specialist species: toward a global functional homogenization?},
  journal = {Frontiers in Ecology and the Environment},
  volume  = {9},
  pages   = {222--228},
  doi     = {10.1890/080216}
}

@article{Csardi2006,
  author  = {Csardi, G. and Nepusz, T.},
  year    = {2006},
  title   = {The igraph software package for complex network research},
  journal = {InterJournal, Complex Systems},
  volume  = {1695},
  pages   = {1--9}
}

@article{Dedysh2021,
  author  = {Dedysh, S. N. and Beletsky, A. V. and Ivanova, A. A. and Kulichevskaya, I. S. and Suzina, N. E. and Philippov, D. A. and others},
  year    = {2021},
  title   = {Wide distribution of {P}hycisphaera-like planctomycetes from {Wd2101} soil group in peatlands and genome analysis of the first cultivated representative},
  journal = {Environmental Microbiology},
  volume  = {23},
  pages   = {1510--1526},
  doi     = {10.1111/1462-2920.15360}
}

@article{DelgadoBaquerizo2017a,
  author  = {Delgado-Baquerizo, M. and Bissett, A. and Eldridge, D. J. and Maestre, F. T. and He, J.-Z. and Wang, J.-T. and others},
  year    = {2017a},
  title   = {Palaeoclimate explains a unique proportion of the global variation in soil bacterial communities},
  journal = {Nature Ecology \& Evolution},
  volume  = {1},
  pages   = {1339--1347},
  doi     = {10.1038/s41559-017-0259-7}
}

@article{DelgadoBaquerizo2017b,
  author  = {Delgado-Baquerizo, M. and Eldridge, D. J. and Maestre, F. T. and Karunaratne, S. B. and Trivedi, P. and Reich, P. B. and others},
  year    = {2017b},
  title   = {Climate legacies drive global soil carbon stocks in terrestrial ecosystems},
  journal = {Science Advances},
  volume  = {3},
  pages   = {e1602008},
  doi     = {10.1126/sciadv.1602008}
}

@article{DelgadoBaquerizo2018,
  author  = {Delgado-Baquerizo, M. and Eldridge, D. J. and Travers, S. K. and Val, J. and Oliver, I. and Bissett, A.},
  year    = {2018},
  title   = {Effects of climate legacies on above-and belowground community assembly},
  journal = {Global Change Biology},
  volume  = {24},
  pages   = {4330--4339},
  doi     = {10.1111/gcb.14306}
}

@article{DelgadoBaquerizo2016,
  author  = {Delgado-Baquerizo, M. and Maestre, F. T. and Reich, P. B. and Jeffries, T. C. and Gaitan, J. J. and Encinar, D. and others},
  year    = {2016},
  title   = {Microbial diversity drives multifunctionality in terrestrial ecosystems},
  journal = {Nature Communications},
  volume  = {7},
  pages   = {10541},
  doi     = {10.1038/ncomms10541}
}

@article{DiniAndreote2014,
  author  = {Dini-Andreote, F. and De Cassia, P. E. and Silva, M. and Triado-Margarit, X. and Casamayor, E. O. and Van Elsas, J. D. and others},
  year    = {2014},
  title   = {Dynamics of bacterial community succession in a salt marsh chronosequence: evidences for temporal niche partitioning},
  journal = {The ISME Journal},
  volume  = {8},
  pages   = {1989--2001},
  doi     = {10.1038/ismej.2014.54}
}

@article{Donat2016,
  author  = {Donat, M. G. and Lowry, A. L. and Alexander, L. V. and O’Gorman, P. A. and Maher, N.},
  year    = {2016},
  title   = {More extreme precipitation in the world’s dry and wet regions},
  journal = {Nature Climate Change},
  volume  = {6},
  pages   = {508--513},
  doi     = {10.1038/nclimate2941}
}

@article{Duc2009,
  author  = {Duc, L. and Noll, M. and Meier, B. E. and B{\"u}rgmann, H. and Zeyer, J.},
  year    = {2009},
  title   = {High diversity of diazotrophs in the forefield of a receding alpine glacier},
  journal = {Microbial Ecology},
  volume  = {57},
  pages   = {179--190},
  doi     = {10.1007/s00248-008-9408-5}
}

@article{Dufrene1997,
  author  = {Dufr{\^e}ne, M. and Legendre, P.},
  year    = {1997},
  title   = {Species assemblages and Indicator species: the need for a flexible asymmetrical approach},
  journal = {Ecological Monographs},
  volume  = {67},
  pages   = {345--366}
}

@article{Eichorst2018,
  author  = {Eichorst, S. A. and Trojan, D. and Roux, S. and Herbold, C. and Rattei, T. and Woebken, D.},
  year    = {2018},
  title   = {Genomic insights into the {A}cidobacteria reveal strategies for their success in terrestrial environments},
  journal = {Environmental Microbiology},
  volume  = {20},
  pages   = {1041--1063},
  doi     = {10.1111/1462-2920.14043}
}

@article{Elbert2012,
  author  = {Elbert, W. and Weber, B. and Burrows, S. and Steinkamp, J. and B{\"u}del, B. and Andreae, M. O. and others},
  year    = {2012},
  title   = {Contribution of cryptogamic covers to the global cycles of carbon and nitrogen},
  journal = {Nature Geoscience},
  volume  = {5},
  pages   = {459--462},
  doi     = {10.1038/ngeo1486}
}

@article{Erktan2016,
  author  = {Erktan, A. and C{\'e}cillon, L. and Graf, F. and Roumet, C. and Legout, C. and Rey, F.},
  year    = {2016},
  title   = {Increase in soil aggregate stability along a {M}editerranean successional gradient in severely eroded gully bed ecosystems: combined effects of soil, root traits and plant community characteristics},
  journal = {Plant and Soil},
  volume  = {398},
  pages   = {121--137},
  doi     = {10.1007/s11104-015-2647-6}
}

@article{Eshel2021,
  author  = {Eshel, G. and Araus, V. and Undurraga, S. and Soto, D. C. and Moraga, C. and Montecinos, A. and others},
  year    = {2021},
  title   = {Plant ecological genomics at the limits of life in the {A}tacama {D}esert},
  journal = {Proceedings of the National Academy of Sciences},
  volume  = {118},
  pages   = {e2101177118},
  doi     = {10.1073/pnas.2101177118}
}

@incollection{Etesami2017,
  author    = {Etesami, H. and Beattie, G. A.},
  year      = {2017},
  title     = {Plant-microbe interactions in adaptation of agricultural crops to abiotic stress conditions},
  booktitle = {Probiotics and Plant Health},
  editor    = {Kumar, V. and Kumar, M. and Sharma, S. and Prasad, R.},
  publisher = {Springer},
  address   = {Singapore},
  pages     = {163--200},
  doi       = {10.1007/978-981-10-3473-2_7}
}

@article{Fierer2007,
  author  = {Fierer, N. and Bradford, M. A. and Jackson, R. B.},
  year    = {2007},
  title   = {Toward an ecological classification of soil bacteria},
  journal = {Ecology},
  volume  = {88},
  pages   = {1354--1364},
  doi     = {10.1890/05-1839}
}

@article{Frey2010,
  author  = {Frey, B. and Rieder, S. R. and Brunner, I. and Pl{\"o}tze, M. and Koetzsch, S. and Lapanje, A. and others},
  year    = {2010},
  title   = {Weathering-associated bacteria from the {D}amma glacier forefield: physiological capabilities and impact on granite dissolution},
  journal = {Applied and Environmental Microbiology},
  volume  = {76},
  pages   = {4788--4796},
  doi     = {10.1128/AEM.00657-10}
}

@article{Gelybo2018,
  author  = {Gelyb{\'o}, G. and T{\'o}th, E. and Farkas, C. and Horel, {\'A}. and K{\'a}sa, I. and Bakacsi, Z.},
  year    = {2018},
  title   = {Potential impacts of climate change on soil properties},
  journal = {Agrok{\'e}mia {\'e}s Talajtan},
  volume  = {67},
  pages   = {121--141},
  doi     = {10.1556/0088.2018.67.1.9}
}

@article{Genderjahn2018,
  author  = {Genderjahn, S. and Alawi, M. and Mangelsdorf, K. and Horn, F. and Wagner, D.},
  year    = {2018},
  title   = {Desiccation-and saline-tolerant Bacteria and Archaea in {K}alahari {P}an sediments},
  journal = {Frontiers in Microbiology},
  volume  = {9},
  pages   = {2082},
  doi     = {10.3389/fmicb.2018.02082}
}

@article{Genderjahn2021,
  author  = {Genderjahn, S. and Lewin, S. and Horn, F. and Schleicher, A. M. and Mangelsdorf, K. and Wagner, D.},
  year    = {2021},
  title   = {Living lithic and sublithic bacterial communities in {N}amibian drylands},
  journal = {Microorganisms},
  volume  = {9},
  number  = {2},
  pages   = {235},
  doi     = {10.3390/microorganisms9020235}
}

@article{GomezGonzalez2011,
  author  = {Gomez-Gonzalez, S. and Torres-Diaz, C. and Gianoli, E.},
  year    = {2011},
  title   = {The effects of fi re-related cues on seed germination and viability of {Helenium aromaticum} ({Hook.}) {HL} {Bailey} ({Asteraceae})},
  journal = {Gayana Bot{\'a}nica},
  volume  = {68},
  number  = {1},
  pages   = {86--88}
}

@misc{Harrell2019,
  author = {Harrell Jr, Frank E and Harrell Jr, Max FE},
  title  = {Package ‘hmisc’},
  year   = {2019},
  note   = {R package version 4.3-0} 
}

@article{Hartley2005,
  author  = {Hartley, A. J. and Chong, G. and Houston, J. and Mather, A. E.},
  year    = {2005},
  title   = {150 million years of climatic stability: evidence from the {A}tacama {D}esert, northern {Chile}},
  journal = {Journal of the Geological Society},
  volume  = {162},
  pages   = {421--424},
  doi     = {10.1144/0016-764904-071}
}

@article{Hawkes2020,
  author  = {Hawkes, C. V. and Shinada, M. and Kivlin, S. N.},
  year    = {2020},
  title   = {Historical climate legacies on soil respiration persist despite extreme changes in rainfall},
  journal = {Soil Biology and Biochemistry},
  volume  = {143},
  pages   = {107752},
  doi     = {10.1016/j.soilbio.2020.107752}
}

@article{Hernandez2020,
  author  = {Hern{\'a}ndez, M. and Calabi, M. and Conrad, R. and Dumont, M. G.},
  year    = {2020},
  title   = {Analysis of the microbial communities in soils of different ages following volcanic eruptions},
  journal = {Pedosphere},
  volume  = {30},
  pages   = {126--134},
  doi     = {10.1016/S1002-0160(19)60823-4}
}

@article{Jarvis2007,
  author  = {Jarvis, P. and Rey, A. and Petsikos, C. and Wingate, L. and Rayment, M. and Pereira, J. and others},
  year    = {2007},
  title   = {Drying and wetting of {M}editerranean soils stimulates decomposition and carbon dioxide emission: the “birch effect”},
  journal = {Tree Physiology},
  volume  = {27},
  pages   = {929--940},
  doi     = {10.1093/treephys/27.7.929}
}

@book{Jenny1994,
  author    = {Jenny, H.},
  year      = {1994},
  title     = {Factors of soil formation: A system of quantitative pedology},
  publisher = {Courier Corporation},
  address   = {North Chelmsford}
}

@article{Kalam2020,
  author  = {Kalam, S. and Basu, A. and Ahmad, I. and Sayyed, R. and El-Enshasy, H. A. and Dailin, D. J. and others},
  year    = {2020},
  title   = {Recent understanding of soil acidobacteria and their ecological significance: a critical review},
  journal = {Frontiers in Microbiology},
  volume  = {11},
  pages   = {580024},
  doi     = {10.3389/fmicb.2020.580024}
}

@article{Karimi2017,
  author  = {Karimi, B. and Maron, P. A. and Chemidlin-Prevost Boure, N. and Bernard, N. and Gilbert, D. and Ranjard, L.},
  year    = {2017},
  title   = {Microbial diversity and ecological networks as indicators of environmental quality},
  journal = {Environmental Chemistry Letters},
  volume  = {15},
  pages   = {265--281},
  doi     = {10.1007/s10311-017-0614-6}
}

@article{Kelly2014,
  author  = {Kelly, L. C. and Cockell, C. S. and Thorsteinsson, T. and Marteinsson, V. and Stevenson, J.},
  year    = {2014},
  title   = {Pioneer microbial communities of the {F}immvorethuhals lava flow, {E}yjafjallajokull, {I}celand},
  journal = {Microbial Ecology},
  volume  = {68},
  pages   = {504--518},
  doi     = {10.1007/s00248-014-0432-3}
}

@incollection{Kersters2006,
  author    = {Kersters, K. and De Vos, P. and Gillis, M. and Swings, J. and Vandamme, P. and Stackebrandt, E.},
  year      = {2006},
  title     = {Introduction to the {P}roteobacteria},
  booktitle = {The prokaryotes: a handbook on the biology of bacteria},
  editor    = {Dworkin, M. and Falkow, S. and Rosenberg, E. and Schleifer, K. H. and Stackebrandt, E.},
  publisher = {Springer},
  address   = {New York, NY},
  pages     = {3--37}
}

@article{Kohler2006,
  author  = {Kohler, J. and Caravaca, F. and Carrasco, L. and Roldan, A.},
  year    = {2006},
  title   = {Contribution of {P}seudomonas mendocina and {G}lomus intraradices to aggregate stabilization and promotion of biological fertility in rhizosphere soil of lettuce plants under field conditions},
  journal = {Soil Use and Management},
  volume  = {22},
  pages   = {298--304},
  doi     = {10.1111/j.1475-2743.2006.00041.x}
}

@article{Kopittke2018,
  author  = {Kopittke, P. M. and Hernandez-Soriano, M. C. and Dalal, R. C. and Finn, D. and Menzies, N. W. and Hoeschen, C. and others},
  year    = {2018},
  title   = {Nitrogen-rich microbial products provide new organo-mineral associations for the stabilization of soil organic matter},
  journal = {Global Change Biology},
  volume  = {24},
  pages   = {1762--1770},
  doi     = {10.1111/gcb.14009}
}

@article{Korkar2022,
  author  = {Korkar, M. H. and Magdy, M. and Rizk, S. M. and Fiteha, Y. G. and Atta, A. H. and Rashed, M. A.-S.},
  year    = {2022},
  title   = {Rhizosphere-associated microbiome profile of agricultural reclaimed lands in {E}gypt},
  journal = {Agronomy},
  volume  = {12},
  number  = {10},
  pages   = {2543},
  doi     = {10.3390/agronomy12102543}
}

@article{Kramer2018,
  author  = {Kramer, M. G. and Chadwick, O. A.},
  year    = {2018},
  title   = {Climate-driven thresholds in reactive mineral retention of soil carbon at the global scale},
  journal = {Nature Climate Change},
  volume  = {8},
  pages   = {1104--1108},
  doi     = {10.1038/s41558-018-0341-4}
}

@article{Krauze2021,
  author  = {Krauze, P. and Wagner, D. and Yang, S. and Spinola, D. and K{\"u}hn, P.},
  year    = {2021},
  title   = {Influence of prokaryotic microorganisms on initial soil formation along a glacier forefield on {K}ing {G}eorge {I}sland, maritime {A}ntarctica},
  journal = {Scientific Reports},
  volume  = {11},
  pages   = {1--15},
  number  = {1}, % Assuming it's article number 1
  doi     = {10.1038/s41598-021-91278-8} % Found DOI online, check if correct
}

@article{Langfelder2008,
  author  = {Langfelder, P. and Horvath, S.},
  year    = {2008},
  title   = {Wgcna: an {R} package for weighted correlation network analysis},
  journal = {BMC Bioinformatics},
  volume  = {9},
  pages   = {559}, % Usually article number for BMC journals
  doi     = {10.1186/1471-2105-9-559}
}

@article{Lapanje2012,
  author  = {Lapanje, A. and Wimmersberger, C. and Furrer, G. and Brunner, I. and Frey, B.},
  year    = {2012},
  title   = {Pattern of elemental release during the granite dissolution can be changed by aerobic heterotrophic bacterial strains isolated from {D}amma glacier ({C}entral {A}lps) deglaciated granite sand},
  journal = {Microbial Ecology},
  volume  = {63},
  pages   = {865--882},
  doi     = {10.1007/s00248-011-9976-7}
}

@article{Lauro2009,
  author  = {Lauro, F. M. and Mcdougald, D. and Thomas, T. and Williams, T. J. and Egan, S. and Rice, S. and others},
  year    = {2009},
  title   = {The genomic basis of trophic strategy in marine bacteria},
  journal = {Proceedings of the National Academy of Sciences of the United States of America},
  volume  = {106},
  pages   = {15527--15533},
  doi     = {10.1073/pnas.0903507106}
}

@article{Li2021,
  author  = {Li, Y. and Liu, X. and Yin, Z. and Chen, H. and Cai, X. and Xie, Y. and others},
  year    = {2021},
  title   = {Changes in soil microbial communities from exposed rocks to arboreal rhizosphere during vegetation succession in a karst mountainous ecosystem},
  journal = {Journal of Plant Interactions},
  volume  = {16},
  pages   = {550--563},
  doi     = {10.1080/17429145.2021.2002955}
}

@article{Liu2019,
  author  = {Liu, Y. and Lu, M. and Zhang, X. and Sun, Q. and Liu, R. and Lian, B.},
  year    = {2019},
  title   = {Shift of the microbial communities from exposed sandstone rocks to forest soils during pedogenesis},
  journal = {International Biodeterioration \& Biodegradation},
  volume  = {140},
  pages   = {21--28},
  doi     = {10.1016/j.ibiod.2019.03.006}
}

@article{Louca2016,
  author  = {Louca, S. and Parfrey, L. W. and Doebeli, M.},
  year    = {2016},
  title   = {Decoupling function and taxonomy in the global ocean microbiome},
  journal = {Science},
  volume  = {353},
  pages   = {1272--1277},
  doi     = {10.1126/science.aaf4507}
}

@article{Luo2018,
  author  = {Luo, G. and Rensing, C. and Chen, H. and Liu, M. and Wang, M. and Guo, S. and others},
  year    = {2018},
  title   = {Deciphering the associations between soil microbial diversity and ecosystem multifunctionality driven by long-term fertilization management},
  journal = {Functional Ecology},
  volume  = {32},
  pages   = {1103--1116},
  doi     = {10.1111/1365-2435.13039}
}

@article{Maestre2015,
  author  = {Maestre, F. T. and Delgado-Baquerizo, M. and Jeffries, T. C. and Eldridge, D. J. and Ochoa, V. and Gozalo, B. and others},
  year    = {2015},
  title   = {Increasing aridity reduces soil microbial diversity and abundance in global drylands},
  journal = {Proceedings of the National Academy of Sciences of the United States of America},
  volume  = {112},
  pages   = {15684--15689},
  doi     = {10.1073/pnas.1516684112}
}

@article{Martin2011,
  author  = {Martin, M.},
  year    = {2011},
  title   = {Cutadapt removes adapter sequences from high-throughput sequencing reads},
  journal = {EMBnet.journal},
  volume  = {17},
  number  = {1},
  pages   = {10--12},
  doi     = {10.14806/ej.17.1.200}
}

@misc{MartinezArbizu2017, % Or use @manual if appropriate
  author = {Martinez Arbizu, P.},
  title  = {pairwiseAdonis: pairwise multilevel comparison using adonis},
  year   = {2017},
  note   = {R package version 0.0.1} % Update version if known
}

@article{Meier2019,
  author  = {Meier, L. A. and Krauze, P. and Prater, I. and Horn, F. and Schaefer, C. E. G. R. and Scholten, T. and others},
  year    = {2019},
  title   = {Pedogenic and microbial interrelation in initial soils under semiarid climate on {J}ames {R}oss {I}sland, {A}ntarctic peninsula region},
  journal = {Biogeosciences},
  volume  = {16},
  pages   = {2481--2499},
  doi     = {10.5194/bg-16-2481-2019}
}

@article{Miralles2020,
  author  = {Miralles, I. and Soria, R. and Lucas-Borja, M. and Soriano, M. and Ortega, R.},
  year    = {2020},
  title   = {Effect of biocrusts on bacterial community composition at different soil depths in {M}editerranean semi-arid ecosystems},
  journal = {Science of The Total Environment},
  volume  = {733},
  pages   = {138613},
  doi     = {10.1016/j.scitotenv.2020.138613}
}

@article{Mujakic2022,
  author  = {Mujaki{\'c}, I. and Piwosz, K. and Kobl{\'\i}{\v{z}}ek, M.},
  year    = {2022},
  title   = {Phylum {G}emmatimonadota and its role in the environment},
  journal = {Microorganisms},
  volume  = {10},
  number  = {1},
  pages   = {151},
  doi     = {10.3390/microorganisms10010151}
}

@incollection{Munoz2007,
  author    = {Mu{\~n}oz, J. F. and Fern{\'a}ndez, B. and Varas, E. and Past{\'e}n, P. and G{\'o}mez, D. and Rengifo, P. and others},
  year      = {2007},
  title     = {Chilean water resources},
  booktitle = {The geology of {Chile}},
  editor    = {Moreno, T. and Gibbons, W.},
  publisher = {Geological Society of London},
  address   = {London},
  pages     = {215--230}
}

@article{Muyzer1993,
  author  = {Muyzer, G. and De Waal, E. C. and Uitterlinden, A.},
  year    = {1993},
  title   = {Profiling of complex microbial populations by denaturing gradient gel electrophoresis analysis of polymerase chain reaction-amplified genes coding for 16{S} {rrna}},
  journal = {Applied and Environmental Microbiology},
  volume  = {59},
  pages   = {695--700},
  doi     = {10.1128/aem.59.3.695-700.1993}
}

@article{Na2019,
  author  = {Na, X. and Yu, H. and Wang, P. and Zhu, W. and Niu, Y. and Huang, J.},
  year    = {2019},
  title   = {Vegetation biomass and soil moisture coregulate bacterial community succession under altered precipitation regimes in a desert steppe in northwestern {China}},
  journal = {Soil Biology and Biochemistry},
  volume  = {136},
  pages   = {107520},
  doi     = {10.1016/j.soilbio.2019.107520}
}

@article{Nemergut2016,
  author  = {Nemergut, D. R. and Knelman, J. E. and Ferrenberg, S. and Bilinski, T. and Melbourne, B. and Jiang, L. and others},
  year    = {2016},
  title   = {Decreases in average bacterial community {rrna} operon copy number during succession},
  journal = {The ISME Journal},
  volume  = {10},
  pages   = {1147--1156},
  doi     = {10.1038/ismej.2015.191}
}

% Omitted duplicate "Frontiers in Microbiology 18 frontiersin.org Rodríguez et al. 10.3389/fmicb.2024.1319997"

@article{Oeser2018,
  author  = {Oeser, R. A. and Stroncik, N. and Moskwa, L.-M. and Bernhard, N. and Schaller, M. and Canessa, R. and others},
  year    = {2018},
  title   = {Chemistry and microbiology of the critical zone along a steep climate and vegetation gradient in the {Chilean} coastal cordillera},
  journal = {Catena},
  volume  = {170},
  pages   = {183--203},
  doi     = {10.1016/j.catena.2018.06.002}
}

@misc{Oksanen2013, % Changed to misc as it refers to a package version
  author = {Oksanen, J. and Blanchet, F. G. and Kindt, R. and Legendre, P. and Minchin, P. and O’hara, R. and others},
  title  = {vegan: Community ecology package},
  year   = {2013},
  note   = {R package version 2.0-10} % Update version if needed
}

@article{Ortega2019,
  author  = {Ortega, C. and Vargas, G. and Rojas, M. and Rutllant, J. A. and Mu{\~n}oz, P. and Lange, C. B. and others},
  year    = {2019},
  title   = {Extreme {ENSO}-driven torrential rainfalls at the southern edge of the {A}tacama {D}esert during the late {Holocene} and their projection into the 21th century},
  journal = {Global and Planetary Change},
  volume  = {175},
  pages   = {226--237},
  doi     = {10.1016/j.gloplacha.2019.02.011}
}

@article{Ouyang2020,
  author  = {Ouyang, Y. and Li, X.},
  year    = {2020},
  title   = {Effect of repeated drying-rewetting cycles on soil extracellular enzyme activities and microbial community composition in arid and semi-arid ecosystems},
  journal = {European Journal of Soil Biology},
  volume  = {98},
  pages   = {103187},
  doi     = {10.1016/j.ejsobi.2020.103187}
}

@article{Pankratov2007,
  author  = {Pankratov, T. A. and Tindall, B. J. and Liesack, W. and Dedysh, S. N.},
  year    = {2007},
  title   = {{Mucilaginibacter paludis} gen. Nov., sp. nov. and {Mucilaginibacter gracilis} sp. nov., pectin-, xylan-and laminarin-degrading members of the family {Sphingobacteriaceae} from acidic {Sphagnum} peat bog},
  journal = {International Journal of Systematic and Evolutionary Microbiology},
  volume  = {57},
  pages   = {2349--2354},
  doi     = {10.1099/ijs.0.65100-0}
}

@article{Parada2016,
  author  = {Parada, A. E. and Needham, D. M. and Fuhrman, J. A.},
  year    = {2016},
  title   = {Every base matters: assessing small subunit {rrna} primers for marine microbiomes with mock communities, time series and global field samples},
  journal = {Environmental Microbiology},
  volume  = {18},
  pages   = {1403--1414},
  doi     = {10.1111/1462-2920.13023}
}

@article{Placella2012,
  author  = {Placella, S. A. and Brodie, E. L. and Firestone, M. K.},
  year    = {2012},
  title   = {Rainfall-induced carbon dioxide pulses result from sequential resuscitation of phylogenetically clustered microbial groups},
  journal = {Proceedings of the National Academy of Sciences},
  volume  = {109},
  pages   = {10931--10936},
  doi     = {10.1073/pnas.1204306109}
}

@article{Placzek2009,
  author  = {Placzek, C. and Quade, J. and Betancourt, J. L. and Patchett, P. J. and Rech, J. A. and Latorre, C. and others},
  year    = {2009},
  title   = {Climate in the dry {C}entral {A}ndes over geologic, millennial, and interannual timescales},
  journal = {Annals of the Missouri Botanical Garden},
  volume  = {96},
  number  = {3},
  pages   = {386--397},
  doi     = {10.3417/2008019}
}

@article{Pronk2012,
  author  = {Pronk, G. J. and Heister, K. and Ding, G.-C. and Smalla, K. and K{\"o}gel-Knabner, I.},
  year    = {2012},
  title   = {Development of biogeochemical interfaces in an artificial soil incubation experiment; aggregation and formation of organo-mineral associations},
  journal = {Geoderma},
  volume  = {189-190}, % Volumes 189-190
  pages   = {585--594},
  doi     = {10.1016/j.geoderma.2012.06.013} % Found DOI online
}

@article{Qian2018,
  author  = {Qian, X. and Chen, L. and Guo, X. and He, D. and Shi, M. and Zhang, D.},
  year    = {2018},
  title   = {Shifts in community composition and co-occurrence patterns of phyllosphere fungi inhabiting {Mussaenda shikokiana} along an elevation gradient},
  journal = {PeerJ},
  volume  = {6},
  pages   = {e5767},
  doi     = {10.7717/peerj.5767}
}

@article{Qu2022,
  author  = {Qu, Y. and Tang, J. and Liu, B. and Lyu, H. and Duan, Y. and Yang, Y. and others},
  year    = {2022},
  title   = {Rhizosphere enzyme activities and microorganisms drive the transformation of organic and inorganic carbon in saline–alkali soil region},
  journal = {Scientific Reports},
  volume  = {12},
  pages   = {1314},
  doi     = {10.1038/s41598-022-05218-7}
}

@article{Quast2012,
  author  = {Quast, C. and Pruesse, E. and Yilmaz, P. and Gerken, J. and Schweer, T. and Yarza, P. and others},
  year    = {2012},
  title   = {The {S}ilva ribosomal {RNA} gene database project: improved data processing and web-based tools},
  journal = {Nucleic Acids Research},
  volume  = {41},
  number  = {D1},
  pages   = {D590--D596},
  doi     = {10.1093/nar/gks1219}
}

@article{RiverasMunoz2022,
  author  = {Riveras-Mu{\~n}oz, N. and Seitz, S. and Witzgall, K. and Rodr{\'\i}guez, V. and K{\"u}hn, P. and Mueller, C. W. and others},
  year    = {2022},
  title   = {Biocrust-linked changes in soil aggregate stability along a climatic gradient in the {Chilean} coastal range},
  journal = {SOIL},
  volume  = {8},
  number  = {2},
  pages   = {717--731},
  doi     = {10.5194/soil-8-717-2022}
}

@misc{Roberts2016, % Changed to misc as it refers to a package version
  author = {Roberts, David W and Roberts, M David W},
  title  = {labdsv: Ordination and multivariate analysis for ecology},
  year   = {2016},
  note   = {R package version 1.8-0} % Update version if needed
}

@article{Rodriguez2022,
  author  = {Rodriguez, V. and Moskwa, L.-M. and Oses, R. and K{\"u}hn, P. and Riveras-Mu{\~n}oz, N. and Seguel, O. and others},
  year    = {2022},
  title   = {Impact of climate and slope aspects on the composition of soil bacterial communities involved in {Pedogenetic} processes along the {Chilean} coastal cordillera},
  journal = {Microorganisms},
  volume  = {10},
  number  = {5},
  pages   = {847},
  doi     = {10.3390/microorganisms10050847}
}

@article{Saary2017,
  author  = {Saary, P. and Forslund, K. and Bork, P. and Hildebrand, F.},
  year    = {2017},
  title   = {Rtk: efficient rarefaction analysis of large datasets},
  journal = {Bioinformatics},
  volume  = {33},
  pages   = {2594--2595},
  doi     = {10.1093/bioinformatics/btx206}
}

@article{Schmidt2008,
  author  = {Schmidt, S. and Reed, S. C. and Nemergut, D. R. and Stuart Grandy, A. and Cleveland, C. C. and Weintraub, M. N. and others},
  year    = {2008},
  title   = {The earliest stages of ecosystem succession in high-elevation (5000 metres above sea level), recently deglaciated soils},
  journal = {Proceedings of the Royal Society B: Biological Sciences},
  volume  = {275},
  pages   = {2793--2802},
  doi     = {10.1098/rspb.2008.0808}
}

@article{Schulz2013,
  author  = {Schulz, S. and Brankatschk, R. and D{\"u}mig, A. and K{\"o}gel-Knabner, I. and Schloter, M. and Zeyer, J.},
  year    = {2013},
  title   = {The role of microorganisms at different stages of ecosystem development for soil formation},
  journal = {Biogeosciences},
  volume  = {10},
  pages   = {3983--3996},
  doi     = {10.5194/bg-10-3983-2013}
}

@article{SchulzeMakuch2021,
  author  = {Schulze-Makuch, D. and Lipus, D. and Arens, F. L. and Baqu{\'e}, M. and Bornemann, T. L. and Devere, J.-P. and others},
  year    = {2021},
  title   = {Microbial hotspots in lithic microhabitats inferred from {DNA} fractionation and metagenomics in the {A}tacama {D}esert},
  journal = {Microorganisms},
  volume  = {9},
  number  = {5},
  pages   = {1038},
  doi     = {10.3390/microorganisms9051038}
}

@article{SchulzeMakuch2018,
  author  = {Schulze-Makuch, D. and Wagner, D. and Kounaves, S. P. and Mangelsdorf, K. and Devine, K. G. and De Vera, J. P. and others},
  year    = {2018},
  title   = {Transitory microbial habitat in the hyperarid {A}tacama {D}esert},
  journal = {Proceedings of the National Academy of Sciences of the United States of America},
  volume  = {115},
  pages   = {2670--2675},
  doi     = {10.1073/pnas.1714341115}
}

@article{Seitz2017,
  author  = {Seitz, S. and Nebel, M. and Goebes, P. and K{\"a}ppeler, K. and Schmidt, K. and Shi, X. and others},
  year    = {2017},
  title   = {Bryophyte-dominated biological soil crusts mitigate soil erosion in an early successional {Chinese} subtropical forest},
  journal = {Biogeosciences},
  volume  = {14},
  pages   = {5775--5788},
  doi     = {10.5194/bg-14-5775-2017}
}

@article{Seuss2022,
  author  = {Seuss, I. and Scheibe, A. and Spohn, M.},
  year    = {2022},
  title   = {{N2} fixation is less sensitive to changes in soil water content than carbon and net nitrogen mineralization},
  journal = {Geoderma},
  volume  = {424},
  pages   = {115973},
  doi     = {10.1016/j.geoderma.2022.115973}
}

@article{Shen2023,
  author  = {Shen, J. and Liang, Z. and Kuzyakov, Y. and Li, W. and He, Y. and Wang, C. and others},
  year    = {2023},
  title   = {Dissolved organic matter defines microbial communities during initial soil formation after deglaciation},
  journal = {Science of The Total Environment},
  volume  = {878},
  pages   = {163171},
  doi     = {10.1016/j.scitotenv.2023.163171}
}

@article{Sousa2021,
  author  = {Sousa, M. G. and Araujo, J. K. S. and Ferreira, T. O. and Andrade, G. R. P. and Ara{\'u}jo Filho, J. C. and Fracetto, G. G. M. and others},
  year    = {2021},
  title   = {Long-term effects of irrigated agriculture on {L}uvisol pedogenesis in semi-arid region, northeastern {Brazil}},
  journal = {Catena},
  volume  = {206},
  pages   = {105529},
  doi     = {10.1016/j.catena.2021.105529}
}

@article{Stone2021,
  author  = {Stone, B. W. and Li, J. and Koch, B. J. and Blazewicz, S. J. and Dijkstra, P. and Hayer, M. and others},
  year    = {2021},
  title   = {Nutrients cause consolidation of soil carbon flux to small proportion of bacterial community},
  journal = {Nature Communications},
  volume  = {12},
  pages   = {3381},
  doi     = {10.1038/s41467-021-23676-x}
}

@article{StovicekA2017, % Added A to distinguish from other Stovicek2017
  author  = {St'ovicek, A. and Azatyan, A. and Soares, M. I. M. and Gillor, O.},
  year    = {2017},
  title   = {The impact of hydration and temperature on bacterial diversity in arid soil {M}esocosms},
  journal = {Frontiers in Microbiology},
  volume  = {8},
  pages   = {1078},
  doi     = {10.3389/fmicb.2017.01078}
}

@article{StovicekB2017, % Added B to distinguish
  author  = {Stovicek, A. and Kim, M. and Or, D. and Gillor, O.},
  year    = {2017},
  title   = {Microbial community response to hydration-desiccation cycles in desert soil},
  journal = {Scientific Reports},
  volume  = {7},
  pages   = {45735},
  doi     = {10.1038/srep45735}
}

@article{Su2010,
  author  = {Su, Y. Z. and Yang, R. and Liu, W. J. and Wang, X. F.},
  year    = {2010},
  title   = {Evolution of soil structure and fertility after conversion of native sandy desert soil to irrigated cropland in arid region, {China}},
  journal = {Soil Science},
  volume  = {175},
  pages   = {246--254},
  doi     = {10.1097/SS.0b013e3181e04a2d}
}

@article{Sun2017,
  author  = {Sun, S. and Li, S. and Avera, B. N. and Strahm, B. D. and Badgley, B. D.},
  year    = {2017},
  title   = {Soil bacterial and fungal communities show distinct recovery patterns during forest ecosystem restoration},
  journal = {Applied and Environmental Microbiology},
  volume  = {83},
  number  = {14}, % Check number or use pages
  pages   = {e00966-17}, % Use pages or eLocator
  doi     = {10.1128/AEM.00966-17}
}

@article{Szalai2021,
  author  = {Szalai, Z. and Ringer, M. and N{\'e}meth, T. and Sipos, P. and Per{\'e}nyi, K. and Pekker, P. and others},
  year    = {2021},
  title   = {Accelerated soil development due to seasonal water-saturation under hydric conditions},
  journal = {Geoderma},
  volume  = {401},
  pages   = {115328},
  doi     = {10.1016/j.geoderma.2021.115328}
}

@article{Tu2020,
  author  = {Tu, Q. and Yan, Q. and Deng, Y. and Michaletz, S. T. and Buzzard, V. and Weiser, M. D. and others},
  year    = {2020},
  title   = {Biogeographic patterns of microbial co-occurrence ecological networks in six {A}merican forests},
  journal = {Soil Biology and Biochemistry},
  volume  = {148},
  pages   = {107897},
  doi     = {10.1016/j.soilbio.2020.107897}
}

@article{Tylianakis2010,
  author  = {Tylianakis, J. M. and Lalibert{\'e}, E. and Nielsen, A. and Bascompte, J.},
  year    = {2010},
  title   = {Conservation of species interaction networks},
  journal = {Biological Conservation},
  volume  = {143},
  pages   = {2270--2279},
  doi     = {10.1016/j.biocon.2009.12.004}
}

@article{Uritskiy2019,
  author  = {Uritskiy, G. and Getsin, S. and Munn, A. and Gomez-Silva, B. and Davila, A. and Glass, B. and others},
  year    = {2019},
  title   = {Halophilic microbial community compositional shift after a rare rainfall in the {A}tacama {D}esert},
  journal = {The ISME Journal},
  volume  = {13},
  pages   = {2737--2749},
  doi     = {10.1038/s41396-019-0468-y}
}

@article{Vuko2020,
  author  = {Vuko, M. and Cania, B. and Vogel, C. and Kublik, S. and Schloter, M. and Schulz, S.},
  year    = {2020},
  title   = {Shifts in reclamation management strategies shape the role of exopolysaccharide and lipopolysaccharide-producing bacteria during soil formation},
  journal = {Microbial Biotechnology},
  volume  = {13},
  pages   = {584--598},
  doi     = {10.1111/1751-7915.13532}
}

@article{Wang2017,
  author  = {Wang, S. and Feng, Q. and Zhou, Y. and Mao, X. and Chen, Y. and Xu, H.},
  year    = {2017},
  title   = {Dynamic changes in water and salinity in saline-alkali soils after simulated irrigation and leaching},
  journal = {PLoS One},
  volume  = {12},
  number  = {11},
  pages   = {e0187536},
  doi     = {10.1371/journal.pone.0187536}
}

@article{Wickham2011,
  author  = {Wickham, H.},
  year    = {2011},
  title   = {ggplot2},
  journal = {Wiley Interdisciplinary Reviews: Computational Statistics},
  volume  = {3},
  number  = {2},
  pages   = {180--185},
  doi     = {10.1002/wics.147}
}

@article{Wu2021,
  author  = {Wu, X. and Yang, J. and Ruan, H. and Wang, S. and Yang, Y. and Naeem, I. and others},
  year    = {2021},
  title   = {The diversity and co-occurrence network of soil bacterial and fungal communities and their implications for a new indicator of grassland degradation},
  journal = {Ecological Indicators},
  volume  = {129},
  pages   = {107989},
  doi     = {10.1016/j.ecolind.2021.107989}
}

@article{Yu2022,
  author  = {Yu, J. and Yin, Q. and Niu, J. and Yan, Z. and Wang, H. and Wang, Y. and others},
  year    = {2022},
  title   = {Consistent effects of vegetation patch type on soil microbial communities across three successional stages in a desert ecosystem},
  journal = {Land Degradation \& Development},
  volume  = {33},
  pages   = {1552--1563},
  doi     = {10.1002/ldr.4194}
}

@article{Yuan2022,
  author  = {Yuan, M. and Na, M. and Hicks, L. C. and Rousk, J.},
  year    = {2022},
  title   = {Will a legacy of enhanced resource availability accelerate the soil microbial response to future climate change?},
  journal = {Soil Biology and Biochemistry},
  volume  = {165},
  pages   = {108492},
  doi     = {10.1016/j.soilbio.2021.108492}
}

@article{Zhang2019,
  author  = {Zhang, B. and Wu, X. and Tai, X. and Sun, L. and Wu, M. and Zhang, W. and others},
  year    = {2019},
  title   = {Variation in actinobacterial community composition and potential function in different soil ecosystems belonging to the arid {Heihe River} basin of {Northwest China}},
  journal = {Frontiers in Microbiology},
  volume  = {10},
  pages   = {2209},
  doi     = {10.3389/fmicb.2019.02209}
}

@article{Zhao2019,
  author  = {Zhao, X.-R. and Wu, H.-Y. and Song, X.-D. and Yang, S.-H. and Dong, Y. and Yang, J.-L. and others},
  year    = {2019},
  title   = {Intra-horizon differentiation of the bacterial community and its co-occurrence network in a typical {Plinthic} horizon},
  journal = {Science of The Total Environment},
  volume  = {678},
  pages   = {692--701},
  doi     = {10.1016/j.scitotenv.2019.04.305}
}

@article{Zhelezova2019,
  author  = {Zhelezova, A. and Chernov, T. and Tkhakakhova, A. and Xenofontova, N. and Semenov, M. and Kutovaya, O.},
  year    = {2019},
  title   = {Prokaryotic community shifts during soil formation on sands in the tundra zone},
  journal = {PLoS One},
  volume  = {14},
  number  = {11},
  pages   = {e0206777},
  doi     = {10.1371/journal.pone.0206777}
}