@article{Albaladejo2013,
  author  = {Albaladejo, J. and Ortiz, R. and Garcia-Franco, N. and Navarro, A.R. and Almagro, M. and Pintado, J.G. and Mart{\'{i}}nez-Mena, M.},
  year    = {2013},
  title   = {Land use and climate change impacts on soil organic carbon stocks in semi-arid {Spain}},
  journal = {Journal of Soils and Sediments},
  volume  = {13},
  pages   = {265--277},
  doi     = {10.1007/s11368-012-0617-7},
}

@article{Angst2016,
  author  = {Angst, G. and K{\"{o}}gel-Knabner, I. and Kirfel, K. and Hertel, D. and Mueller, C.W.},
  year    = {2016},
  title   = {Spatial distribution and chemical composition of soil organic matter fractions in rhizosphere and non-rhizosphere soil under {European} beech ({Fagus sylvatica} L.)},
  journal = {Geoderma},
  volume  = {264},
  pages   = {179--187},
  doi     = {10.1016/j.geoderma.2015.10.016},
}

@article{Angst2017,
  author  = {Angst, G. and Mueller, K.E. and K{\"{o}}gel-Knabner, I. and Freeman, K.H. and Mueller, C.W.},
  year    = {2017},
  title   = {Aggregation controls the stability of lignin and lipids in clay-sized particulate and mineral associated organic matter},
  journal = {Biogeochemistry},
  volume  = {132},
  pages   = {307--324},
  doi     = {10.1007/s10533-017-0304-2},
}

@article{Angst2018,
  author  = {Angst, G. and Messinger, J. and Greiner, M. and H{\"{a}}usler, W. and Hertel, D. and Kirfel, K. and K{\"{o}}gel-Knabner, I. and Leuschner, C. and Rethemeyer, J. and Mueller, C.W.},
  year    = {2018},
  title   = {Soil organic carbon stocks in topsoil and subsoil controlled by parent material, carbon input in the rhizosphere, and microbial-derived compounds},
  journal = {Soil Biology and Biochemistry},
  volume  = {122},
  pages   = {19--30},
  doi     = {10.1016/j.soilbio.2018.03.026},
}

@article{Baldock1997,
  author  = {Baldock, J.A. and Oades, J.M. and Nelson, P.N. and Skene, T.M. and Golchin, A. and Clarke, P.},
  year    = {1997},
  title   = {Assessing the extent of decomposition of natural organic materials using solid-state {13C NMR} spectroscopy},
  journal = {Soil Research},
  volume  = {35},
  number  = {5},
  pages   = {1061--1084},
  doi     = {10.1071/S97004},
}

@article{Baumert2018,
  author  = {Baumert, V.L. and Vasilyeva, N.A. and Vladimirov, A.A. and Meier, I.C. and K{\"{o}}gel-Knabner, I. and Mueller, C.W.},
  year    = {2018},
  title   = {Root exudates induce soil macroaggregation facilitated by fungi in subsoil},
  journal = {Frontiers in Environmental Science},
  volume  = {6},
  pages   = {140},
  doi     = {10.3389/fenvs.2018.00140},
}

@article{Baumert2021,
  author  = {Baumert, V.L. and Forstner, S.J. and Zethof, J.H.T. and Vogel, C. and Heitk{\"{o}}tter, J. and Schulz, S. and K{\"{o}}gel-Knabner, I. and Mueller, C.W.},
  year    = {2021},
  title   = {Root-induced fungal growth triggers macroaggregation in forest subsoils},
  journal = {Soil Biology and Biochemistry},
  volume  = {157},
  pages   = {108244},
  doi     = {10.1016/j.soilbio.2021.108244},
}

@book{Berg2008,
  author    = {Berg, B. and McClaugherty, C.},
  year      = {2008},
  title     = {Plant Litter: Decomposition, Humus Formation, Carbon Sequestration},
  publisher = {Springer},
  address   = {Berlin},
  doi       = {10.1007/978-3-642-38821-7},
  note      = {Number 04; QH541.5.S6, B4 2008},
}

@article{Bernhard2018,
  author  = {Bernhard, N. and Moskwa, L.M. and Schmidt, K. and Oeser, R.A. and Aburto, F. and Bader, M.Y. and {et~al.}},
  year    = {2018},
  title   = {Pedogenic and microbial interrelations to regional climate and local topography: new insights from a climate gradient (arid to humid) along the {Coastal Cordillera} of {Chile}},
  journal = {Catena},
  volume  = {170},
  pages   = {335--355},
  doi     = {10.1016/j.catena.2018.06.018},
}

@article{Brant2006,
  author  = {Brant, J.B. and Myrold, D.D. and Sulzman, E.W.},
  year    = {2006},
  title   = {Root controls on soil microbial community structure in forest soils},
  journal = {Oecologia},
  volume  = {148},
  pages   = {650--659},
  doi     = {10.1007/s00442-006-0402-7},
}

@article{Bonanomi2013,
  author  = {Bonanomi, G. and Incerti, G. and Giannino, F. and Mingo, A. and Lanzotti, V. and Mazzoleni, S.},
  year    = {2013},
  title   = {Litter quality assessed by solid state {13C NMR} spectroscopy predicts decay rate better than {C/N} and {Lignin/N} ratios},
  journal = {Soil Biology and Biochemistry},
  volume  = {56},
  pages   = {40--48},
  doi     = {10.1016/j.soilbio.2012.03.003},
}

@article{Bossuyt2001,
  author  = {Bossuyt, H. and Denef, K. and Six, J. and Frey, S.D. and Merckx, R. and Paustian, K.},
  year    = {2001},
  title   = {Influence of microbial populations and residue quality on aggregate stability},
  journal = {Applied Soil Ecology},
  volume  = {16},
  pages   = {195--208},
  doi     = {10.1016/S0929-1393(00)00116-5},
}

@article{Butler2003,
  author  = {Butler, J.L. and Williams, M.A. and Bottomley, P.J. and Myrold, D.D.},
  year    = {2003},
  title   = {Microbial community dynamics associated with rhizosphere carbon flow},
  journal = {Applied and Environmental Microbiology},
  volume  = {69},
  number  = {11},
  pages   = {6793--6800},
  doi     = {10.1128/AEM.69.11.6793-6800.2003},
}

@article{Bucka2019,
  author  = {Bucka, F.B. and K{\"{o}}lbl, A. and Uteau, D. and Peth, S. and K{\"{o}}gel-Knabner, I.},
  year    = {2019},
  title   = {Organic matter input determines structure development and aggregate formation in artificial soils},
  journal = {Geoderma},
  volume  = {354},
  pages   = {113881},
  doi     = {10.1016/j.geoderma.2019.113881},
}

@article{Bucka2021,
  author  = {Bucka, F.B. and Felde, V.J. and Peth, S. and K{\"{o}}gel-Knabner, I.},
  year    = {2021},
  title   = {Disentangling the effects of {OM} quality and soil texture on microbially mediated structure formation in artificial model soils},
  journal = {Geoderma},
  volume  = {403},
  pages   = {115213},
  doi     = {10.1016/j.geoderma.2021.115213},
}

@article{Chabbi2009,
  author  = {Chabbi, A. and K{\"{o}}gel-Knabner, I. and Rumpel, C.},
  year    = {2009},
  title   = {Stabilised carbon in subsoil horizons is located in spatially distinct parts of the soil profile},
  journal = {Soil Biology and Biochemistry},
  volume  = {41},
  number  = {2},
  pages   = {256--261},
  doi     = {10.1016/j.soilbio.2008.10.033},
}

@article{Chandler2019,
  author  = {Chandler, D.G. and Day, N. and Madsen, M.D. and Belnap, J.},
  year    = {2019},
  title   = {Amendments fail to hasten biocrust recovery or soil stability at a disturbed dryland sandy site},
  journal = {Restoration Ecology},
  volume  = {27},
  number  = {2},
  pages   = {289--297},
  doi     = {10.1111/rec.12870},
}

@article{Cheng2009,
  author  = {Cheng, W.},
  year    = {2009},
  title   = {Rhizosphere priming effect: its functional relationships with microbial turnover, evapotranspiration, and {C--N} budgets},
  journal = {Soil Biology and Biochemistry},
  volume  = {41},
  number  = {9},
  pages   = {1795--1801},
  doi     = {10.1016/j.soilbio.2008.04.018},
}

@incollection{Chenu2011,
  author    = {Chenu, C. and Consentino, D.J.},
  year      = {2011},
  title     = {Microbial regulation of soil structural dynamics},
  editor    = {Ritz, K. and Young, I.M.},
  booktitle = {The Architecture and Biology of Soils: Life in Inner Space},
  publisher = {CABI},
  address   = {Wallingford, United Kingdom},
  pages     = {37--70},
  doi       = {10.1079/9781845935320.0037},
}

@article{Costa2018,
  author  = {Costa, O.Y. and Raaijmakers, J.M. and Kuramae, E.E.},
  year    = {2018},
  title   = {Microbial extracellular polymeric substances: ecological function and impact on soil aggregation},
  journal = {Frontiers in Microbiology},
  volume  = {9},
  pages   = {1636},
  doi     = {10.3389/fmicb.2018.01636},
}

@article{Cotrufo2015,
  author  = {Cotrufo, M.F. and Soong, J.L. and Horton, A.J. and Campbell, E.E. and Haddix, M.L. and Wall, D.H. and Parton, W.J.},
  year    = {2015},
  title   = {Formation of soil organic matter via biochemical and physical pathways of litter mass loss},
  journal = {Nature Geoscience},
  volume  = {8},
  number  = {10},
  pages   = {776--779},
  doi     = {10.1038/ngeo2520},
}

@article{DeBoer2005,
  author  = {De Boer, W.D. and Folman, L.B. and Summerbell, R.C. and Boddy, L.},
  year    = {2005},
  title   = {Living in a fungal world: impact of fungi on soil bacterial niche development},
  journal = {FEMS Microbiology Reviews},
  volume  = {29},
  number  = {4},
  pages   = {795--811},
  doi     = {10.1016/j.femsre.2004.11.005},
}

@article{Denef2002,
  author  = {Denef, K. and Six, J. and Merckx, R. and Paustian, K.},
  year    = {2002},
  title   = {Short-term effects of biological and physical forces on aggregate formation in soils with different clay mineralogy},
  journal = {Plant and Soil},
  volume  = {246},
  pages   = {185--200},
  doi     = {10.1023/A:1020668013524},
}

@article{Denef2009,
  author  = {Denef, K. and Roobroeck, D. and Manimel Wadu, M.C.W. and Lootens, P. and Boeckx, P.},
  year    = {2009},
  title   = {Microbial community composition and rhizodeposit-carbon assimilation in differently managed temperate grassland soils},
  journal = {Soil Biology and Biochemistry},
  volume  = {41},
  number  = {1},
  pages   = {144--153},
  doi     = {10.1016/j.soilbio.2008.10.008},
}

@article{Dhillion1995,
  author  = {Dhillion, S.S. and Vidiella, P.E. and Aquilera, L.E. and Friese, C.F. and De Leon, E. and Armesto, J.J. and Zak, J.C.},
  year    = {1995},
  title   = {Mycorrhizal plants and fungi in the fog-free {Pacific} coastal desert of {Chile}},
  journal = {Mycorrhiza},
  volume  = {5},
  pages   = {381--386},
  doi     = {10.1007/BF00207410},
}

@article{Esperschuetz2011,
  author  = {Espersch{\"{u}}tz, J. and Welzl, G. and Schreiner, K. and Buegger, F. and Munch, J.C. and Schloter, M.},
  year    = {2011},
  title   = {Incorporation of carbon from decomposing litter of two pioneer plant species into microbial communities of the detritusphere},
  journal = {FEMS Microbiology Letters},
  volume  = {320},
  number  = {1},
  pages   = {48--55},
  doi     = {10.1111/j.1574-6968.2011.02286.x},
}

@article{Eusterhues2003,
  author  = {Eusterhues, K. and Rumpel, C. and Kleber, M. and K{\"{o}}gel-Knabner, I.},
  year    = {2003},
  title   = {Stabilisation of soil organic matter by interactions with minerals as revealed by mineral dissolution and oxidative degradation},
  journal = {Organic Geochemistry},
  volume  = {34},
  number  = {12},
  pages   = {1591--1600},
  doi     = {10.1016/j.orggeochem.2003.08.007},
}

@article{Fanin2019,
  author  = {Fanin, N. and Kardol, P. and Farrell, M. and Nilsson, M.C. and Gundale, M.J. and Wardle, D.A.},
  year    = {2019},
  title   = {The ratio of {Gram}-positive to {Gram}-negative bacterial {PLFA} markers as an indicator of carbon availability in organic soils},
  journal = {Soil Biology and Biochemistry},
  volume  = {128},
  pages   = {111--114},
  doi     = {10.1016/j.soilbio.2018.10.010},
}

@article{Felde2020,
  author  = {Felde, V.J. and Schweizer, S.A. and Biesgen, D. and Ulbrich, A. and Uteau, D. and Knief, C. and Graf-Rosenfellner, M. and K{\"{o}}gel-Knabner, I. and Peth, S.},
  year    = {2020},
  title   = {Wet sieving versus dry crushing: soil microaggregates reveal different physical structure, bacterial diversity and organic matter composition in a clay gradient},
  journal = {European Journal of Soil Science},
  volume  = {72},
  number  = {2},
  pages   = {810--828},
  doi     = {10.1111/ejss.13014},
}

@article{Frostegard1993,
  author  = {Frosteg{\aa}rd, {\AA}. and B{\aa}{\aa}th, E. and Tunlio, A.},
  year    = {1993},
  title   = {Shifts in the structure of soil microbial communities in limed forests as revealed by phospholipid fatty acid analysis},
  journal = {Soil Biology and Biochemistry},
  volume  = {25},
  number  = {6},
  pages   = {723--730},
  doi     = {10.1016/0038-0717(93)90113-P},
}

@article{Gregory2022,
  author  = {Gregory, P.J.},
  year    = {2022},
  title   = {{RUSSELL REVIEW} Are plant roots only ``in'' soil or are they ``of'' it? {Roots}, soil formation and function},
  journal = {European Journal of Soil Science},
  volume  = {73},
  number  = {1},
  pages   = {e13219},
  doi     = {10.1111/ejss.13219},
}

@incollection{Golchin1997,
  author    = {Golchin, A. and Baldock, J. and Oades, J.},
  year      = {1997},
  title     = {A model linking organic matter decomposition, Chemistry, and Aggregate Dynamics},
  booktitle = {Soil Processes and the Carbon Cycle},
  publisher = {CRC Press},
  address   = {Boca Raton},
  pages     = {245--266},
  doi       = {10.1201/9780203739273},
}

@article{Helfrich2008,
  author  = {Helfrich, M. and Ludwig, B. and Potthoff, M. and Flessa, H.},
  year    = {2008},
  title   = {Effect of litter quality and soil fungi on macroaggregate dynamics and associated partitioning of litter carbon and nitrogen},
  journal = {Soil Biology and Biochemistry},
  volume  = {40},
  number  = {7},
  pages   = {1823--1835},
  doi     = {10.1016/j.soilbio.2008.03.006},
}

@article{Herman2012,
  author  = {Herman, D.J. and Firestone, M.K. and Nuccio, E. and Hodge, A.},
  year    = {2012},
  title   = {Interactions between an arbuscular mycorrhizal fungus and a soil microbial community mediating litter decomposition},
  journal = {FEMS Microbiology Ecology},
  volume  = {80},
  number  = {1},
  pages   = {236--247},
  doi     = {10.1111/j.1574-6941.2011.01292.x},
}

@article{Hinsinger2009,
  author  = {Hinsinger, P. and Bengough, A.G. and Vetterlein, D. and Young, I.M.},
  year    = {2009},
  title   = {Plant-microbe-soil interactions in the rhizosphere: an evolutionary perspective},
  journal = {Plant and Soil},
  volume  = {321},
  pages   = {83--115},
  doi     = {10.1007/s11104-009-0042-x},
}

@misc{IUSS2015,
  author       = {{IUSS Working Group WRB}},
  year         = {2015},
  title        = {World reference base for soil resources 2014, Update 2015. {International} soil classification system for naming soils and creating legends for soil maps},
  institution  = {FAO},
  note         = {World Soil Resources Report No. 106},
  url          = {https://www.fao.org/3/i3794en/I3794en.pdf},
}

@article{Jobbagy2001,
  author  = {Jobb{\'{a}}gy, E.G. and Jackson, R.B.},
  year    = {2001},
  title   = {The distribution of soil nutrients with depth: global patterns and the imprint of plants},
  journal = {Biogeochemistry},
  volume  = {53},
  pages   = {51--77},
  doi     = {10.1023/A:1010760720215},
}

@article{Jones2009,
  author  = {Jones, D.L. and Nguyen, C. and Finlay, R.D.},
  year    = {2009},
  title   = {Carbon flow in the rhizosphere: carbon trading at the soil--root interface},
  journal = {Plant and Soil},
  volume  = {321},
  pages   = {5--33},
  doi     = {10.1007/s11104-009-9942-0},
}

@article{Kopittke2020,
  author  = {Kopittke, P.M. and Dalal, R.C. and Hoeschen, C. and Li, C. and Menzies, N.W. and Mueller, C.W.},
  year    = {2020},
  title   = {Soil organic matter is stabilized by organo-mineral associations through two key processes: the role of the carbon to nitrogen ratio},
  journal = {Geoderma},
  volume  = {357},
  pages   = {113974},
  doi     = {10.1016/j.geoderma.2019.113974},
}

@article{Kramer2003,
  author  = {Kramer, M.G. and Sollins, P. and Sletten, R.S. and Swart, P.K.},
  year    = {2003},
  title   = {{N} isotope fractionation and measures of organic matter alteration during decomposition},
  journal = {Ecology},
  volume  = {84},
  number  = {8},
  pages   = {2021--2025},
  doi     = {10.1890/02-0422},
}

@article{Kramer2013,
  author  = {Kramer, S. and Marhan, S. and Haslwimmer, H. and Ruess, L. and Kandeler, E.},
  year    = {2013},
  title   = {Temporal variation in surface and subsoil abundance and function of the soil microbial community in an arable soil},
  journal = {Soil Biology and Biochemistry},
  volume  = {61},
  pages   = {76--85},
  doi     = {10.1016/j.soilbio.2013.02.006},
}

@article{Kravchenko2017,
  author  = {Kravchenko, A.N. and Guber, A.K.},
  year    = {2017},
  title   = {Soil pores and their contributions to soil carbon processes},
  journal = {Geoderma},
  volume  = {287},
  pages   = {31--39},
  doi     = {10.1016/j.geoderma.2016.06.027},
}

@article{Kuzyakov2019,
  author  = {Kuzyakov, Y. and Razavi, B.S.},
  year    = {2019},
  title   = {Rhizosphere size and shape: temporal dynamics and spatial stationarity},
  journal = {Soil Biology and Biochemistry},
  volume  = {135},
  pages   = {343--360},
  doi     = {10.1016/j.soilbio.2019.05.011},
}

@article{KoegelKnabner1988,
  author  = {K{\"{o}}gel-Knabner, I. and Zech, W. and Hatcher, P.G.},
  year    = {1988},
  title   = {Chemical composition of the organic matter in forest soils: the humus layer},
  journal = {Zeitschrift f{\"{u}}r Pflanzenern{\"{a}}hrung und Bodenkunde},
  volume  = {151},
  pages   = {331--340},
  doi     = {10.1002/jpln.19881510512},
}

@article{Lal2020,
  author  = {Lal, R.},
  year    = {2020},
  title   = {Soil organic matter and water retention},
  journal = {Agronomy Journal},
  volume  = {112},
  number  = {5},
  pages   = {3265--3277},
  doi     = {10.1002/agj2.20282},
}

@article{Lehmann2020,
  author  = {Lehmann, A. and Zheng, W. and Ryo, M. and Soutschek, K. and Roy, J. and Rongstock, R. and Maa{\ss}, S. and Rillig, M.C.},
  year    = {2020},
  title   = {Fungal traits important for soil aggregation},
  journal = {Frontiers in Microbiology},
  volume  = {10},
  pages   = {2904},
  doi     = {10.3389/fmicb.2019.02904},
}

@book{Luebert2006,
  author    = {Luebert, F. and Pliscoff, P.},
  year      = {2006},
  title     = {Sinopsis bioclim{\'{a}}tica y vegetacional de {Chile}},
  publisher = {Editorial Universitaria},
  address   = {Santiago de Chile},
}

@article{Marschner2012,
  author  = {Marschner, P. and Marhan, S. and Kandeler, E.},
  year    = {2012},
  title   = {Microscale distribution and function of soil microorganisms in the interface between rhizosphere and detritusphere},
  journal = {Soil Biology and Biochemistry},
  volume  = {49},
  pages   = {174--183},
  doi     = {10.1016/j.soilbio.2012.01.033},
}

@misc{MinisterioObrasPublicas2017,
  author = {{Ministerio de Obras P{\'{u}}blicas, M.}},
  year   = {2017},
  title  = {Informaci{\'{o}}n Oficial Hidrometeorol{\'{o}}gica y de Calidad de Aguas en L{\'{i}}nea},
  note   = {Direcci{\'{o}}n General de Aguas (DGA)},
}

@article{Mueller2009,
  author  = {Mueller, C.W. and Koegel-Knabner, I.},
  year    = {2009},
  title   = {Soil organic carbon stocks, distribution, and composition affected by historic land use changes on adjacent sites},
  journal = {Biology and Fertility of Soils},
  volume  = {45},
  number  = {4},
  pages   = {347--359},
  doi     = {10.1007/s00374-008-0336-9},
}

@article{Murphy2015,
  author  = {Murphy, B.W.},
  year    = {2015},
  title   = {Impact of soil organic matter on soil properties—a review with emphasis on {Australian} soils},
  journal = {Soil Research},
  volume  = {53},
  number  = {6},
  pages   = {605--635},
  doi     = {10.1071/SR14246},
}

@article{Nelson2005,
  author  = {Nelson, P.N. and Baldock, J.A.},
  year    = {2005},
  title   = {Estimating the molecular composition of a diverse range of natural organic materials from solid-state {13C NMR} and elemental analyses},
  journal = {Biogeochemistry},
  volume  = {72},
  pages   = {1--34},
  doi     = {10.1007/s10533-004-0076-3},
}

@article{Nuccio2020,
  author  = {Nuccio, E.E. and Starr, E. and Karaoz, U. and Brodie, E.L. and Zhou, J. and Tringe, S.G. and Malmstrom, R.R. and Woyke, T. and Banfield, J.F. and Firestone, M.K. and Pett-Ridge, J.},
  year    = {2020},
  title   = {Niche differentiation is spatially and temporally regulated in the rhizosphere},
  journal = {The ISME journal},
  volume  = {14},
  number  = {4},
  pages   = {999--1014},
  doi     = {10.1038/s41396-019-0582-x},
}

@article{Oeser2018,
  author  = {Oeser, R.A. and Stroncik, N. and Moskwa, L.M. and Bernhard, N. and Schaller, M. and Canessa, R. and {et~al.}},
  year    = {2018},
  title   = {Chemistry and microbiology of the {Critical Zone} along a steep climate and vegetation gradient in the {Chilean Coastal Cordillera}},
  journal = {Catena},
  volume  = {170},
  pages   = {183--203},
  doi     = {10.1016/j.catena.2018.06.002},
}

@incollection{OLeary1988,
  author    = {O'Leary, W.M. and Wilkinson, S.G.},
  year      = {1988},
  title     = {{Gram}-positive bacteria},
  editor    = {Ratledge, C. and Wilkinson, S.G.},
  booktitle = {Microbial Lipids},
  volume    = {1},
  publisher = {Academic Press},
  address   = {London},
  pages     = {117--201},
}

@incollection{Oliver2021,
  author    = {Oliver, I.C. and Knox, O.G. and Flavel, R.J. and Wilson, B.R.},
  year      = {2021},
  title     = {Rhizosphere legacy: plant root interactions with the soil and its biome},
  booktitle = {Rhizosphere Biology: Interactions Between Microbes and Plants},
  publisher = {Springer},
  pages     = {129--153},
  doi       = {10.1007/978-981-15-6125-2_6},
}

@article{Peixoto2020,
  author  = {Peixoto, L. and Elsgaard, L. and Rasmussen, J. and Kuzyakov, Y. and Banfield, C.C. and Dippold, M.A. and Olesen, J.E.},
  year    = {2020},
  title   = {Decreased rhizodeposition, but increased microbial carbon stabilization with soil depth down to 3.6 m},
  journal = {Soil Biology and Biochemistry},
  volume  = {150},
  pages   = {108008},
  doi     = {10.1016/j.soilbio.2020.108008},
}

@article{Phillips2002,
  author  = {Phillips, R.L. and Zak, D.R. and Holmes, W.E. and White, D.C.},
  year    = {2002},
  title   = {Microbial community composition and function beneath temperate trees exposed to elevated atmospheric carbon dioxide and ozone},
  journal = {Oecologia},
  volume  = {131},
  pages   = {236--244},
  doi     = {10.1007/s00442-002-0868-x},
}

@article{Poll2006,
  author  = {Poll, C. and Ingwersen, J. and Stemmer, M. and Gerzabek, M.H. and Kandeler, E.},
  year    = {2006},
  title   = {Mechanisms of solute transport affect small-scale abundance and function of soil microorganisms in the detritusphere},
  journal = {European Journal of Soil Science},
  volume  = {57},
  number  = {4},
  pages   = {583--595},
  doi     = {10.1111/j.1365-2389.2006.00835.x},
}

@article{Poll2008,
  author  = {Poll, C. and Marhan, S. and Ingwersen, J. and Kandeler, E.},
  year    = {2008},
  title   = {Dynamics of litter carbon turnover and microbial abundance in a rye detritusphere},
  journal = {Soil Biology and Biochemistry},
  volume  = {40},
  number  = {6},
  pages   = {1306--1321},
  doi     = {10.1016/j.soilbio.2007.04.002},
}

@article{Poll2010,
  author  = {Poll, C. and Brune, T. and Begerow, D. and Kandeler, E.},
  year    = {2010},
  title   = {Small-scale diversity and succession of fungi in the detritusphere of rye residues},
  journal = {Microbial Ecology},
  volume  = {59},
  pages   = {130--140},
  doi     = {10.1007/s00248-009-9541-9},
}

@article{Prater2020,
  author  = {Prater, I. and Zubrzycki, S. and Buegger, F. and Zoor-F{\"{u}}llgraff, L.C. and Angst, G. and Dannenmann, M. and Mueller, C.W.},
  year    = {2020},
  title   = {From fibrous plant residues to mineral-associated organic carbon--the fate of organic matter in {Arctic} permafrost soils},
  journal = {Biogeosciences},
  volume  = {17},
  number  = {13},
  pages   = {3367--3383},
  doi     = {10.5194/bg-17-3367-2020},
}

@article{Rasse2005,
  author  = {Rasse, D.P. and Rumpel, C. and Dignac, M.F.},
  year    = {2005},
  title   = {Is soil carbon mostly root carbon? {Mechanisms} for a specific stabilisation},
  journal = {Plant and Soil},
  volume  = {269},
  number  = {1--2},
  pages   = {341--356},
  doi     = {10.1007/s11104-004-0907-y},
}

@manual{RCoreTeam2008,
  author       = {{R Development Core Team}},
  year         = {2008},
  title        = {{R}: A Language and Environment for Statistical Computing},
  organization = {R Foundation for Statistical Computing},
  address      = {Vienna, Austria},
  url          = {http://www.R-project.org},
}

@misc{RStudioTeam2015,
  author       = {{RStudio Team}},
  year         = {2015},
  title        = {{RStudio}: Integrated Development for {R}},
  organization = {RStudio, Inc.},
  address      = {Boston, MA},
  url          = {http://www.rstudio.com/},
}

@incollection{Richter2007,
  author    = {Richter, D.D.B. and Oh, N.H. and Fimmen, R. and Jackson, J.},
  year      = {2007},
  title     = {The rhizosphere and soil formation},
  booktitle = {The Rhizosphere},
  publisher = {Academic Press},
  pages     = {179--200},
  doi       = {10.1016/B978-012088775-0/50010-0},
}

@article{Rillig2006,
  author  = {Rillig, M.C. and Mummey, D.L.},
  year    = {2006},
  title   = {Mycorrhizas and soil structure},
  journal = {New Phytologist},
  volume  = {171},
  number  = {1},
  pages   = {41--53},
  doi     = {10.1111/j.1469-8137.2006.01750.x},
}

@article{RiverasMunoz2022,
  author  = {Riveras-Mu{\~n}oz, N. and Seitz, S. and Witzgall, K. and Rodr{\'{i}}guez, V. and K{\"{u}}hn, P. and Mueller, C.W. and Oses, R. and Seguel, O. and Wagner, D. and Scholten, T.},
  year    = {2022},
  title   = {Biocrust-linked changes in soil aggregate stability along a climatic gradient in the {Chilean Coastal Range}},
  journal = {SOIL},
  volume  = {8},
  number  = {2},
  pages   = {717--731},
  doi     = {10.5194/soil-8-717-2022},
}

@article{Roetzer2023,
  author  = {R{\"{o}}tzer, M. and Prechtel, A. and Ray, N.},
  year    = {2023},
  title   = {Pore scale modeling of the mutual influence of roots and soil aggregation in the rhizosphere},
  journal = {Frontiers in Soil Science},
  volume  = {3},
  pages   = {1155889},
  doi     = {10.3389/fsoil.2023.1155889},
}

@article{Scholes2020,
  author  = {Scholes, R.J.},
  year    = {2020},
  title   = {The future of semi-arid regions: a weak fabric unravels},
  journal = {Climate},
  volume  = {8},
  number  = {3},
  pages   = {43},
  doi     = {10.3390/cli8030043},
}

@article{Shi2018,
  author  = {Shi, S. and Herman, D.J. and He, Z. and Pett-Ridge, J. and Wu, L. and Zhou, J. and Firestone, M.K.},
  year    = {2018},
  title   = {Plant roots alter microbial functional genes supporting root litter decomposition},
  journal = {Soil Biology and Biochemistry},
  volume  = {127},
  pages   = {90--99},
  doi     = {10.1016/j.soilbio.2018.09.013},
}

@article{Six2004,
  author  = {Six, J. and Bossuyt, H. and Degryze, S. and Denef, K.},
  year    = {2004},
  title   = {A history of research on the link between (micro) aggregates, soil biota, and soil organic matter dynamics},
  journal = {Soil and Tillage Research},
  volume  = {79},
  number  = {1},
  pages   = {7--31},
  doi     = {10.1016/j.still.2004.03.008},
}

@article{Sokol2019,
  author  = {Sokol, N.W. and Sanderman, J. and Bradford, M.A.},
  year    = {2019},
  title   = {Pathways of mineral-associated soil organic matter formation: integrating the role of plant carbon source, chemistry, and point of entry},
  journal = {Global Change Biology},
  volume  = {25},
  number  = {1},
  pages   = {12--24},
  doi     = {10.1111/gcb.14482},
}

@article{Teixeira2024,
  author  = {Teixeira, P.P. and Vidal, A. and Teixeira, A.P.M. and Souza, I.F. and Hurtarte, L.C.C. and Silva, D.H. and Silva, D.H.S. and Almeida, L.F.J. and Buegger, F. and Hammer, E.C. and Jansa, J. and Mueller, C.W. and Silva, I.R.},
  year    = {2024},
  title   = {Decoding the rhizodeposit-derived carbon's journey into soil organic matter},
  journal = {Geoderma},
  volume  = {443},
  pages   = {116811},
  doi     = {10.1016/j.geoderma.2024.116811},
}

@article{Theuerl2010,
  author  = {Theuerl, S. and Buscot, F.},
  year    = {2010},
  title   = {Laccases: toward disentangling their diversity and functions in relation to soil organic matter cycling},
  journal = {Biology and Fertility of Soils},
  volume  = {46},
  pages   = {215--225},
  doi     = {10.1007/s00374-010-0440-5},
}

@article{Tian2013,
  author  = {Tian, J. and Dippold, M. and Pausch, J. and Blagodatskaya, E. and Fan, M. and Li, X. and Kuzyakov, Y.},
  year    = {2013},
  title   = {Microbial response to rhizodeposition depending on water regimes in paddy soils},
  journal = {Soil Biology and Biochemistry},
  volume  = {65},
  pages   = {195--203},
  doi     = {10.1016/j.soilbio.2013.05.021},
}

@article{Tisdall1982,
  author  = {Tisdall, J.M. and Oades, J.M.},
  year    = {1982},
  title   = {Organic matter and water-stable aggregates in soils},
  journal = {Journal of Soil Science},
  volume  = {33},
  number  = {2},
  pages   = {141--163},
  doi     = {10.1111/j.1365-2389.1982.tb01755.x},
}

@article{Uroz2009,
  author  = {Uroz, S. and Calvaruso, C. and Turpault, M.P. and Frey-Klett, P.},
  year    = {2009},
  title   = {Mineral weathering by bacteria: ecology, actors and mechanisms},
  journal = {Trends in Microbiology},
  volume  = {17},
  number  = {8},
  pages   = {378--387},
  doi     = {10.1016/j.tim.2009.05.004},
}

@article{Vidal2018,
  author  = {Vidal, A. and Hirte, J. and Bender, S.F. and Mayer, J. and Gattinger, A. and H{\"{o}}schen, C. and Sch{\"{a}}dler, S. and Iqbal, T.M. and Mueller, C.W.},
  year    = {2018},
  title   = {Linking {3D} soil structure and plant-microbe-soil carbon transfer in the rhizosphere},
  journal = {Frontiers in Environmental Science},
  volume  = {6},
  pages   = {9},
  doi     = {10.3389/fenvs.2018.00009},
}

@article{Vidal2021,
  author  = {Vidal, A. and Kl{\"{o}}ffel, T. and Guigue, J. and Angst, G. and Steffens, M. and Hoeschen, C. and Mueller, C.W.},
  year    = {2021},
  title   = {Visualizing the transfer of organic matter from decaying plant residues to soil mineral surfaces controlled by microorganisms},
  journal = {Soil Biology and Biochemistry},
  volume  = {160},
  pages   = {108347},
  doi     = {10.1016/j.soilbio.2021.108347},
}

@article{Villarino2021,
  author  = {Villarino, S.H. and Pinto, P. and Jackson, R.B. and Pi{\~n}eiro, G.},
  year    = {2021},
  title   = {Plant rhizodeposition: a key factor for soil organic matter formation in stable fractions},
  journal = {Science Advances},
  volume  = {7},
  number  = {16},
  pages   = {eabd3176},
  doi     = {10.1126/sciadv.abd3176},
}

@article{Voriskova2013,
  author  = {Vo{\v{r}}{\'{i}}{\v{s}}kov{\'{a}}, J. and Baldrian, P.},
  year    = {2013},
  title   = {Fungal community on decomposing leaf litter undergoes rapid successional changes},
  journal = {The ISME journal},
  volume  = {7},
  number  = {3},
  pages   = {477--486},
  doi     = {10.1038/ismej.2012.116},
}

@article{Walela2014,
  author  = {Walela, C. and Daniel, H. and Wilson, B. and Lockwood, P. and Cowie, A. and Harden, S.},
  year    = {2014},
  title   = {The initial lignin: nitrogen ratio of litter from above and below ground sources strongly and negatively influenced decay rates of slowly decomposing litter carbon pools},
  journal = {Soil Biology and Biochemistry},
  volume  = {77},
  pages   = {268--275},
  doi     = {10.1016/j.soilbio.2014.06.013},
}

@article{Wang2014,
  author  = {Wang, Q. and Wang, Y. and Wang, S. and He, T. and Liu, L.},
  year    = {2014},
  title   = {Fresh carbon and nitrogen inputs alter organic carbon mineralization and microbial community in forest deep soil layers},
  journal = {Soil Biology and Biochemistry},
  volume  = {72},
  pages   = {145--151},
  doi     = {10.1016/j.soilbio.2014.01.020},
}

@article{Wang2020,
  author  = {Wang, X. and Yin, L. and Dijkstra, F.A. and Lu, J. and Wang, P. and Cheng, W.},
  year    = {2020},
  title   = {Rhizosphere priming is tightly associated with root-driven aggregate turnover},
  journal = {Soil Biology and Biochemistry},
  volume  = {149},
  pages   = {107964},
  doi     = {10.1016/j.soilbio.2020.107964},
}

@article{Weber2022,
  author  = {Weber, B. and Belnap, J. and B{\"{u}}del, B. and Antoninka, A.J. and Barger, N.N. and Chaudhary, V.B. and Bowker, M.A.},
  year    = {2022},
  title   = {What is a biocrust? {A} refined, contemporary definition for a broadening research community},
  journal = {Biological Reviews},
  volume  = {97},
  number  = {5},
  pages   = {1768--1785},
  doi     = {10.1111/brv.12862},
}

@article{Williams2006,
  author  = {Williams, M.A. and Myrold, D.D. and Bottomley, P.J.},
  year    = {2006},
  title   = {Carbon flow from {13C}-labeled straw and root residues into the phospholipid fatty acids of a soil microbial community under field conditions},
  journal = {Soil Biology and Biochemistry},
  volume  = {38},
  number  = {4},
  pages   = {759--768},
  doi     = {10.1016/j.soilbio.2005.07.001},
}

@article{Witzgall2021,
  author  = {Witzgall, K. and Vidal, A. and Schubert, D.I. and H{\"{o}}schen, C. and Schweizer, S.A. and Buegger, F. and Pouteau, V. and Chenu, C. and Mueller, C.W.},
  year    = {2021},
  title   = {Particulate organic matter as a functional soil component for persistent soil organic carbon},
  journal = {Nature Communications},
  volume  = {12},
  number  = {1},
  pages   = {4115},
  doi     = {10.1038/s41467-021-24192-8},
}

@article{Wurst2015,
  author  = {Wurst, S. and Ohgushi, T.},
  year    = {2015},
  title   = {Do plant-and soil-mediated legacy effects impact future biotic interactions?},
  journal = {Functional Ecology},
  volume  = {29},
  number  = {11},
  pages   = {1373--1382},
  doi     = {10.1111/1365-2435.12456},
}