
@techreport{RiverasMunoz2025,
   author = {Riveras-Muñoz, Nicolás and Seitz, Steffen and Gall, Corinna and Rodríguez, Victoria and Witzgall, Kristina and Kühn, Peter and Mueller, Carsten W. and Oses, Rómulo and Seguel, Oscar and Wagner, Dirk and Scholten, Thomas},
   title = {Biocrusts as Climate-Dependent Regulators of Erosion, Water and Nutrient Cycling},
   DOI = {10.2139/ssrn.5188208},
   url = {https://ssrn.com/abstract=5188208},
   year = {2025},
   type = {Report}
}

@article{Young2022,
   author = {Young, Kristina E. and Ferrenberg, Scott and Reibold, Robin and Reed, Sasha C. and Swenson, Tami and Northen, Trent and Darrouzet-Nardi, Anthony},
   title = {Vertical movement of soluble carbon and nutrients from biocrusts to subsurface mineral soils},
   journal = {Geoderma},
   volume = {405},
   pages = {115495},
   keywords = {Soil fertility
Nutrient cycling
Cryptogam
Desert
Biogeochemistry
Metabolomics},
   ISSN = {00167061},
   DOI = {10.1016/j.geoderma.2021.115495},
   url = {https://www.sciencedirect.com/science/article/pii/S0016706121005759},
   year = {2022},
   type = {Journal Article}
}

@article{Xiao2022,
   author = {Xiao, Bo and Bowker, Matthew A. and Zhao, Yunge and Chamizo, Sonia and Issa, Oumarou Malam},
   title = {Biocrusts: Engineers and architects of surface soil properties, functions, and processes in dryland ecosystems},
   journal = {Geoderma},
   volume = {424},
   pages = {116015},
   keywords = {Biological soil crust
Soil multifunctionality
Dryland hydrology
Soil erosion
Soil carbon cycling
Human disturbance
Global climate change},
   ISSN = {00167061},
   DOI = {10.1016/j.geoderma.2022.116015},
   url = {https://www.sciencedirect.com/science/article/pii/S0016706122003226},
   year = {2022},
   type = {Journal Article}
}

@article{Weber2022,
   author = {Weber, Bettina and Belnap, Jayne and Büdel, Burkhard and Antoninka, Anita J. and Barger, Nichole N. and Chaudhary, V. Bala and Darrouzet-Nardi, Anthony and Eldridge, David J. and Faist, Akasha M. and Ferrenberg, Scott and Havrilla, Caroline A. and Huber-Sannwald, Elisabeth and Malam Issa, Oumarou and Maestre, Fernando T. and Reed, Sasha C. and Rodriguez-Caballero, Emilio and Tucker, Colin and Young, Kristina E. and Zhang, Yuanming and Zhao, Yunge and Zhou, Xiaobing and Bowker, Matthew A.},
   title = {What is a biocrust? A refined, contemporary definition for a broadening research community},
   journal = {Biological Reviews},
   volume = {97},
   number = {5},
   pages = {1768-1785},
   ISSN = {1464-7931},
   DOI = {https://doi.org/10.1111/brv.12862},
   url = {https://onlinelibrary.wiley.com/doi/abs/10.1111/brv.12862},
   year = {2022},
   type = {Journal Article}
}

@article{RiverasMunoz2022,
   author = {Riveras-Muñoz, Nicolás and Seitz, Steffen and Witzgall, Kristina and Rodríguez, Victoria and Kühn, Peter and Mueller, Carsten W. and Oses, Rómulo and Seguel, Oscar and Wagner, Dirk and Scholten, Thomas},
   title = {Biocrust-linked changes in soil aggregate stability along a climatic gradient in the {Chilean Coastal Range}},
   journal = {Soil},
   volume = {8},
   number = {2},
   pages = {717-731},
   ISSN = {2199-398X},
   DOI = {10.5194/soil-8-717-2022},
   url = {https://soil.copernicus.org/articles/8/717/2022/},
   year = {2022},
   type = {Journal Article}
}

@article{Kidron2022,
   author = {Kidron, Giora J. and Lichner, Lubomir and Fischer, Thomas and Starinsky, Abraham and Or, Dani},
   title = {Mechanisms for biocrust-modulated runoff generation – A review},
   journal = {Earth-Science Reviews},
   volume = {231},
   pages = {104100},
   keywords = {Biological soil crusts
Hydrophobicity
Infiltration
Pore clogging
Water repellency},
   ISSN = {00128252},
   DOI = {10.1016/j.earscirev.2022.104100},
   url = {https://www.sciencedirect.com/science/article/pii/S0012825222001842},
   year = {2022},
   type = {Journal Article}
}

@article{Thielen2021,
   author = {Thielen, Sonja M and Gall, Corinna and Ebner, Martin and Nebel, Martin and Scholten, Thomas and Seitz, Steffen},
   title = {Water’s path from moss to soil: A multi-methodological study on water absorption and evaporation of soil-moss combinations},
   journal = {Journal of Hydrology and Hydromechanics},
   volume = {69},
   number = {4},
   pages = {421-435},
   ISSN = {0042-790X},
   DOI = {10.2478/johh-2021-0021},
   year = {2021},
   type = {Journal Article}
}

@article{Peterson2021,
   author = {Peterson, Ryan A},
   title = {Finding Optimal Normalizing Transformations via best Normalize},
   journal = {R Journal},
   volume = {13},
   number = {1},
   ISSN = {2073-4859},
   DOI = {10.32614/rj-2021-041},
   year = {2021},
   type = {Journal Article}
}

@article{Kidron2021, 
   author = {Kidron, Giora J. and Veste, Maik and Lichner, Ľubomír},
   title = {Biological factors impacting hydrological processes: Pecularities of plants and biological soil crusts},
   journal = {Journal of Hydrology and Hydromechanics},
   volume = {69},
   number = {4},
   pages = {357-359},
   ISSN = {1338-4333},
   DOI = {10.2478/johh-2021-0031},
   url = {https://doi.org/10.2478/johh-2021-0031},
   year = {2021},
   type = {Journal Article}
}

@article{Baumert2021,
   author = {Baumert, Vera L. and Forstner, Stefan J. and Zethof, Jeroen H. T. and Vogel, Cordula and Heitkötter, Julian and Schulz, Stefanie and Kögel-Knabner, Ingrid and Mueller, Carsten W.},
   title = {Root-induced fungal growth triggers macroaggregation in forest subsoils},
   journal = {Soil Biology and Biochemistry},
   volume = {157},
   pages = {108244},
   keywords = {Soil organic carbon
Soil fungi
Rhizosphere
Water-stable aggregates
Aggregate fractionation
Carbon storage},
   ISSN = {00380717},
   DOI = {10.1016/j.soilbio.2021.108244},
   url = {https://www.sciencedirect.com/science/article/pii/S0038071721001176},
   year = {2021},
   type = {Journal Article}
}

@article{Samolov2020,
   author = {Samolov, E. and Baumann, K. and Budel, B. and Jung, P. and Leinweber, P. and Mikhailyuk, T. and Karsten, U. and Glaser, K.},
   title = {Biodiversity of Algae and Cyanobacteria in Biological Soil Crusts Collected Along a Climatic Gradient in {Chile} Using an Integrative Approach},
   journal = {Microorganisms},
   volume = {8},
   number = {7},
   pages = {1047},
   keywords = {Chile
biocrust
climate gradient
cyanobacteria
eukaryotic algae
integrative approach},
   ISSN = {2076-2607 (Print)
2076-2607 (Electronic)
2076-2607 (Linking)},
   DOI = {10.3390/microorganisms8071047},
   url = {https://www.ncbi.nlm.nih.gov/pubmed/32674483},
   year = {2020},
   type = {Journal Article}
}

@article{Prater2020,
   author = {Prater, Isabel and Zubrzycki, Sebastian and Buegger, Franz and Zoor-Füllgraff, Lena C and Angst, Gerrit and Dannenmann, Michael and Mueller, Carsten W},
   title = {From fibrous plant residues to mineral-associated organic carbon–the fate of organic matter in Arctic permafrost soils},
   journal = {Biogeosciences},
   volume = {17},
   number = {13},
   pages = {3367-3383},
   ISSN = {1726-4170},
   DOI = {10.5194/bg-17-3367-2020},
   year = {2020},
   type = {Journal Article}
}

@article{PizarroTapia2020,
   author = {Pizarro-Tapia, Roberto and González-Leiva, Fernando and Valdés-Pineda, Rodrigo and Ingram, Ben and Sangüesa, Claudia and Vallejos, Carlos},
   title = {A Rainfall Intensity Data Rescue Initiative for {Central Chile} Utilizing a Pluviograph Strip Charts Reader {(PSCR)}},
   journal = {Water},
   volume = {12},
   number = {7},
   pages = {1887},
   ISSN = {2073-4441},
   DOI = {10.3390/w12071887},
   url = {https://www.mdpi.com/2073-4441/12/7/1887},
   year = {2020},
   type = {Journal Article}
}

@article{Peterson2020,
   author = {Peterson, R. A. and Cavanaugh, J. E.},
   title = {Ordered quantile normalization: a semiparametric transformation built for the cross-validation era},
   journal = {J Appl Stat},
   volume = {47},
   number = {13-15},
   pages = {2312-2327},
   keywords = {High-dimensional data analysis
machine learning
normalizing transformation
predictive modeling
preprocessing},
   ISSN = {0266-4763 (Print)
1360-0532 (Electronic)
0266-4763 (Linking)},
   DOI = {10.1080/02664763.2019.1630372},
   url = {https://www.ncbi.nlm.nih.gov/pubmed/35707424},
   year = {2020},
   type = {Journal Article}
}

@article{MartinezArbizu2020,
   author = {Martinez Arbizu, Pedro},
   title = {pairwiseAdonis: Pairwise multilevel comparison using adonis},
   journal = {R package version 0.4},
   volume = {1},
   year = {2020},
   type = {Journal Article}
}

@article{Eldridge2020,
   author = {Eldridge, D. J. and Reed, S. and Travers, S. K. and Bowker, M. A. and Maestre, F. T. and Ding, J. and Havrilla, C. and Rodriguez-Caballero, E. and Barger, N. and Weber, B. and Antoninka, A. and Belnap, J. and Chaudhary, B. and Faist, A. and Ferrenberg, S. and Huber-Sannwald, E. and Malam Issa, O. and Zhao, Y.},
   title = {The pervasive and multifaceted influence of biocrusts on water in the world's drylands},
   journal = {Glob Chang Biol},
   volume = {26},
   number = {10},
   pages = {6003-6014},
   keywords = {*Bryophyta
Climate Change
Ecosystem
Soil
Soil Microbiology
*Water
biological soil crust
bryophyte
cryptogam
cyanobacteria
hydrological cycle
infiltration
lichen
sediment production
soil hydrology
soil moisture},
   ISSN = {1365-2486 (Electronic)
1354-1013 (Linking)},
   DOI = {10.1111/gcb.15232},
   url = {https://www.ncbi.nlm.nih.gov/pubmed/32729653},
   year = {2020},
   type = {Journal Article}
}

@article{Corbin2020,
   author = {Corbin, Jeffrey D and Thiet, Rachel K},
   title = {Temperate biocrusts: mesic counterparts to their better‐known dryland cousins},
   journal = {Frontiers in Ecology and the Environment},
   volume = {18},
   number = {8},
   pages = {456-464},
   ISSN = {1540-9295},
   DOI = {10.1002/fee.2234},
   year = {2020},
   type = {Journal Article}
}

@article{Chen2020,
   author = {Chen, Ning and Yu, Kailiang and Jia, Rongliang and Teng, Jialing and Zhao, Changming},
   title = {Biocrust as one of multiple stable states in global drylands},
   journal = {Science Advances},
   volume = {6},
   number = {39},
   pages = {eaay3763},
   ISSN = {2375-2548},
   DOI = {10.1126/sciadv.aay3763},
   year = {2020},
   type = {Journal Article}
}

@article{Harrell2019,
   author = {Harrell Jr, Frank E and Harrell Jr, Maintainer Frank E},
   title = {Hmisc: Harrell Miscellaneous},
   journal = {R package version},
   volume = {2019},
   pages = {235-236},
   DOI = {10.32614/CRAN.package.Hmisc},
   year = {2019},
   type = {Journal Article}
}

@inbook{Brust2019,
   author = {Brust, Gerald E},
   title = {Management strategies for organic vegetable fertility},
   booktitle = {Safety and practice for organic food},
   publisher = {Elsevier},
   pages = {193-212},
   DOI = {10.1016/B978-0-12-812060-6.00009-X},
   year = {2019},
   type = {Book Section}
}

@article{Vidal2018,
   author = {Vidal, Alix and Hirte, Juliane and Bender, S Franz and Mayer, Jochen and Gattinger, Andreas and Höschen, Carmen and Schädler, Sebastian and Iqbal, Toufiq M and Mueller, Carsten W},
   title = {Linking {3D} soil structure and plant-microbe-soil carbon transfer in the rhizosphere},
   journal = {Frontiers in Environmental Science},
   volume = {6},
   pages = {9},
   ISSN = {2296-665X},
   DOI = {10.3389/fenvs.2018.00009},
   year = {2018},
   type = {Journal Article}
}

@article{Totsche2018,
   author = {Totsche, Kai Uwe and Amelung, Wulf and Gerzabek, Martin H. and Guggenberger, Georg and Klumpp, Erwin and Knief, Claudia and Lehndorff, Eva and Mikutta, Robert and Peth, Stephan and Prechtel, Alexander and Ray, Nadja and Kögel-Knabner, Ingrid},
   title = {Microaggregates in soils},
   journal = {Journal of Plant Nutrition and Soil Science},
   volume = {181},
   number = {1},
   pages = {104-136},
   ISSN = {1436-8730},
   DOI = {https://doi.org/10.1002/jpln.201600451},
   url = {https://onlinelibrary.wiley.com/doi/abs/10.1002/jpln.201600451},
   year = {2018},
   type = {Journal Article}
}

@misc{RCoreTeam2018,
   author = {Team, R. Core},
   title = {R: A language and environment for statistical computing},
   publisher = {R Foundation for Statistical Computing},
   pages = {2},
   year = {2018},
   type = {Computer Program}
}

@article{Schweizer2018,
   author = {Schweizer, SA and Hoeschen, C and Schlüter, S and Kögel-Knabner, I and Mueller, CW},
   title = {Rapid soil structure formation after glacial retreat driven by organic matter accrual at the microscale},
   journal = {Global Change Biology},
   volume = {24},
   pages = {1637-1650},
   DOI = {10.1111/gcb.14014},
   year = {2018},
   type = {Journal Article}
}

@article{RodriguezCaballero2018,
   author = {Rodríguez‐Caballero, Emilio and Chamizo, Sonia and Roncero‐Ramos, Beatriz and Román, Raúl and Cantón, Yolanda},
   title = {Runoff from biocrust: A vital resource for vegetation performance on Mediterranean steppes},
   journal = {Ecohydrology},
   volume = {11},
   number = {6},
   pages = {e1977},
   ISSN = {1936-0584
1936-0592},
   DOI = {10.1002/eco.1977},
   url = {https://onlinelibrary.wiley.com/doi/abs/10.1002/eco.1977},
   year = {2018},
   type = {Journal Article}
}

@article{RodriguezCaballero2018b,
   author = {Rodriguez-Caballero, Emilio and Belnap, Jayne and Büdel, Burkhard and Crutzen, Paul J. and Andreae, Meinrat O. and Pöschl, Ulrich and Weber, Bettina},
   title = {Dryland photoautotrophic soil surface communities endangered by global change},
   journal = {Nature Geoscience},
   volume = {11},
   number = {3},
   pages = {185-189},
   ISSN = {1752-0894
1752-0908},
   DOI = {10.1038/s41561-018-0072-1},
   url = {https://doi.org/10.1038/s41561-018-0072-1},
   year = {2018},
   type = {Journal Article}
}

@article{Mutz2018,
   author = {Mutz, Sebastian G. and Ehlers, Todd A. and Werner, Martin and Lohmann, Gerrit and Stepanek, Christian and Li, Jingmin},
   title = {Estimates of late {Cenozoic} climate change relevant to {Earth} surface processes in tectonically active orogens},
   journal = {Earth Surface Dynamics},
   volume = {6},
   number = {2},
   pages = {271-301},
   ISSN = {2196-632X},
   DOI = {10.5194/esurf-6-271-2018},
   url = {https://esurf.copernicus.org/articles/6/271/2018/},
   year = {2018},
   type = {Journal Article}
}

@article{Costa2018,
   author = {Costa, O. Y. A. and Raaijmakers, J. M. and Kuramae, E. E.},
   title = {Microbial Extracellular Polymeric Substances: Ecological Function and Impact on Soil Aggregation},
   journal = {Front Microbiol},
   volume = {9},
   pages = {1636},
   keywords = {EPS production
biosynthesis
ecological functions
microorganisms
soil aggregation},
   ISSN = {1664-302X (Print)
1664-302X (Electronic)
1664-302X (Linking)},
   DOI = {10.3389/fmicb.2018.01636},
   url = {https://www.ncbi.nlm.nih.gov/pubmed/30083145},
   year = {2018},
   type = {Journal Article}
}

@article{Bernhard2018,
   author = {Bernhard, Nadine and Moskwa, Lisa-Marie and Schmidt, Karsten and Oeser, Ralf A. and Aburto, Felipe and Bader, Maaike Y. and Baumann, Karen and von Blanckenburg, Friedhelm and Boy, Jens and van den Brink, Liesbeth and Brucker, Emanuel and Büdel, Burkhard and Canessa, Rafaella and Dippold, Michaela A. and Ehlers, Todd A. and Fuentes, Juan P. and Godoy, Roberto and Jung, Patrick and Karsten, Ulf and Köster, Moritz and Kuzyakov, Yakov and Leinweber, Peter and Neidhardt, Harald and Matus, Francisco and Mueller, Carsten W. and Oelmann, Yvonne and Oses, Rómulo and Osses, Pablo and Paulino, Leandro and Samolov, Elena and Schaller, Mirjam and Schmid, Manuel and Spielvogel, Sandra and Spohn, Marie and Stock, Svenja and Stroncik, Nicole and Tielbörger, Katja and Übernickel, Kirstin and Scholten, Thomas and Seguel, Oscar and Wagner, Dirk and Kühn, Peter},
   title = {Pedogenic and microbial interrelations to regional climate and local topography: New insights from a climate gradient (arid to humid) along the {Coastal Cordillera of Chile}},
   journal = {Catena},
   volume = {170},
   pages = {335-355},
   keywords = {Climate
Topography
Soil texture
Total organic carbon
Carbon isotope ratio (δC)
Microbial abundance},
   ISSN = {03418162},
   DOI = {10.1016/j.catena.2018.06.018},
   url = {https://www.sciencedirect.com/science/article/pii/S0341816218302509},
   year = {2018},
   type = {Journal Article}
}

@article{Seitz2017,
   author = {Seitz, Steffen and Nebel, Martin and Goebes, Philipp and Käppeler, Kathrin and Schmidt, Karsten and Shi, Xuezheng and Song, Zhengshan and Webber, Carla L. and Weber, Bettina and Scholten, Thomas},
   title = {Bryophyte-dominated biological soil crusts mitigate soil erosion in an early successional {Chinese} subtropical forest},
   journal = {Biogeosciences},
   volume = {14},
   number = {24},
   pages = {5775-5788},
   ISSN = {1726-4189},
   DOI = {10.5194/bg-14-5775-2017},
   url = {https://bg.copernicus.org/articles/14/5775/2017/},
   year = {2017},
   type = {Journal Article}
}

@article{Scholten2017,
   author = {Scholten, Thomas and Goebes, Philipp and Kühn, Peter and Seitz, Steffen and Assmann, Thorsten and Bauhus, Jürgen and Bruelheide, Helge and Buscot, Francois and Erfmeier, Alexandra and Fischer, Markus and Härdtle, Werner and He, Jin-Sheng and Ma, Keping and Niklaus, Pascal A. and Scherer-Lorenzen, Michael and Schmid, Bernhard and Shi, Xuezheng and Song, Zhengshan and von Oheimb, Goddert and Wirth, Christian and Wubet, Tesfaye and Schmidt, Karsten},
   title = {On the combined effect of soil fertility and topography on tree growth in subtropical forest ecosystems—a study from {SE China}},
   journal = {Journal of Plant Ecology},
   volume = {10},
   number = {1},
   pages = {111-127},
   ISSN = {1752-9921
1752-993X},
   DOI = {10.1093/jpe/rtw065},
   url = {https://doi.org/10.1093/jpe/rtw065},
   year = {2017},
   type = {Journal Article}
}

@book{Santibnez2017,
   author = {Santibáñez Quezada, F.},
   title = {Atlas agroclimático de Chile. Estado actual y tendencias del clima. Tomo II: Regiones de Atacama y Coquimbo},
   publisher = {Universidad de Chile. Facultad de Ciencias Agronómicas : FIA},
   address = {Santiago, Chile},
   year = {2017},
   type = {Book}
}

@article{Gao2017,
   author = {Gao, Liqian and Bowker, Matthew A and Xu, Mingxiang and Sun, Hui and Tuo, Dengfeng and Zhao, Yunge},
   title = {Biological soil crusts decrease erodibility by modifying inherent soil properties on the {Loess Plateau}, {China}},
   journal = {Soil Biology and Biochemistry},
   volume = {105},
   pages = {49-58},
   ISSN = {0038-0717},
   DOI = {10.1016/j.soilbio.2016.11.009},
   year = {2017},
   type = {Journal Article}
}

@article{Dunn2017,
   author = {Dunn, P. K.},
   title = {Tweedie: Evaluation of Tweedie Exponential Family Models},
   journal = {R package version},
   note = {Last access: 30 November 2022},
   DOI = {10.32614/CRAN.package.tweedie},
   url = {https://cran.r-project.org/package=tweedie},
   year = {2017},
   type = {Journal Article}
}

@article{Brantley2017,
   author = {Brantley, Susan L. and Eissenstat, David M. and Marshall, Jill A. and Godsey, Sarah E. and Balogh-Brunstad, Zsuzsanna and Karwan, Diana L. and Papuga, Shirley A. and Roering, Joshua and Dawson, Todd E. and Evaristo, Jaivime and Chadwick, Oliver and McDonnell, Jeffrey J. and Weathers, Kathleen C.},
   title = {Reviews and syntheses: on the roles trees play in building and plumbing the critical zone},
   journal = {Biogeosciences},
   volume = {14},
   number = {22},
   pages = {5115-5142},
   ISSN = {1726-4189},
   DOI = {10.5194/bg-14-5115-2017},
   url = {https://bg.copernicus.org/articles/14/5115/2017/},
   year = {2017},
   type = {Journal Article}
}

@book{Wickam2016,
   author = {Wickam, Hadley},
   title = {ggplot2: elegant graphics for data analysis},
   volume = {16},
   edition = {2},
   series = {Springer-V erlag. Accessed March},
   pages = {2021},
   DOI = {10.1007/978-3-319-24277-4},
   year = {2016},
   type = {Book}
}

@article{Roberts2016,
   author = {Roberts, David W and Roberts, Maintainer David W},
   title = {labdsv: Ordination and Multivariate Analysis for Ecology},
   journal = {R package version},
   volume = {775},
   pages = {1-68},
   DOI = {10.32614/CRAN.package.labdsv},
   year = {2016},
   type = {Journal Article}
}

@article{Newsham2016,
   author = {Newsham, Kevin K and Hopkins, David W and Carvalhais, Lilia C and Fretwell, Peter T and Rushton, Steven P and O’Donnell, Anthony G and Dennis, Paul G},
   title = {Relationship between soil fungal diversity and temperature in the maritime {Antarctic}},
   journal = {Nature Climate Change},
   volume = {6},
   number = {2},
   pages = {182-186},
   ISSN = {1758-678X},
   DOI = {10.1038/nclimate2806},
   year = {2016},
   type = {Journal Article}
}

@inbook{Lange2016,
   author = {Lange, Otto L. and Belnap, Jayne},
   title = {How Biological Soil Crusts Became Recognized as a Functional Unit: A Selective History},
   booktitle = {Biological Soil Crusts: An Organizing Principle in Drylands},
   editor = {Weber, Bettina and Büdel, Burkhard and Belnap, Jayne},
   series = {Ecological Studies},
   publisher = {Springer International Publishing},
   address = {Cham},
   chapter = {Chapter 2},
   pages = {15-33},
   ISBN = {978-3-319-30212-6
978-3-319-30214-0},
   DOI = {10.1007/978-3-319-30214-0_2},
   url = {https://doi.org/10.1007/978-3-319-30214-0_2},
   year = {2016},
   type = {Book Section}
}

@inbook{Colesie2016,
   author = {Colesie, Claudia and Felde, Vincent John Martin Noah Linus and Büdel, Burkhard},
   title = {Composition and macrostructure of biological soil crusts},
   booktitle = {Biological soil crusts: An organizing principle in drylands},
   editor = {Weber, B. and Büdel, B. and Belnap, J.},
   chapter = {9},
   pages = {159-172},
   ISBN = {3319302124},
   DOI = {10.1007/978-3-319-30214-0_9},
   year = {2016},
   type = {Book Section}
}

@inbook{Budel2016,
   author = {Büdel, Burkhard and Dulić, Tamara and Darienko, Tatyana and Rybalka, Nataliya and Friedl, Thomas},
   title = {Cyanobacteria and Algae of Biological Soil Crusts},
   booktitle = {Biological Soil Crusts: An Organizing Principle in Drylands},
   editor = {Weber, Bettina and Büdel, Burkhard and Belnap, Jayne},
   series = {Ecological Studies},
   publisher = {Springer International Publishing},
   address = {Cham},
   chapter = {Chapter 4},
   pages = {55-80},
   ISBN = {978-3-319-30212-6
978-3-319-30214-0},
   DOI = {10.1007/978-3-319-30214-0_4},
   url = {https://doi.org/10.1007/978-3-319-30214-0_4},
   year = {2016},
   type = {Book Section}
}

@article{Bowker2016,
   author = {Bowker, Matthew A. and Belnap, Jayne and Büdel, Burkhard and Sannier, Christophe and Pietrasiak, Nicole and Eldridge, David J. and Rivera-Aguilar, Víctor},
   title = {Controls on distribution patterns of biological soil crusts at micro-to global scales},
   journal = {Biological soil crusts: an organizing principle in drylands},
   pages = {173-197},
   ISSN = {3319302124},
   DOI = {10.1007/978-3-319-30214-0_10},
   year = {2016},
   type = {Journal Article}
}

@book{Belnap2016,
   author = {Belnap, Jayne and Weber, Bettina and Büdel, Burkhard},
   title = {Biological soil crusts as an organizing principle in drylands},
   publisher = {Springer},
   ISBN = {3319302124},
   DOI = {10.1007/978-3-319-30214-0_1},
   year = {2016},
   type = {Book}
}

@article{BelnapBudel2016,
   author = {Belnap, Jayne and Büdel, Burkhard},
   title = {Biological soil crusts as soil stabilizers},
   journal = {Biological soil crusts: an organizing principle in drylands},
   pages = {305-320},
   ISSN = {3319302124},
   DOI = {10.1007/978-3-319-30214-0_16},
   year = {2016},
   type = {Journal Article}
}

@phdthesis{Seitz2015,
   author = {Seitz, Steffen},
   title = {Mechanisms of soil erosion in subtropical Chinese forests-effects of species diversity, species identity, functional traits and soil fauna on sediment discharge},
   university = {Universität Tübingen},
   DOI = {10.15496/publikation-8010},
   year = {2015},
   type = {Thesis}
}

@article{Wang2014,
   author = {Wang, YP and Chen, BC and Wieder, William R and Leite, M and Medlyn, Belinda E and Rasmussen, Martin and Smith, Matthew J and Agusto, Folashade B and Hoffman, Forrest and Luo, YQ},
   title = {Oscillatory behavior of two nonlinear microbial models of soil carbon decomposition},
   journal = {Biogeosciences},
   volume = {11},
   number = {7},
   pages = {1817-1831},
   ISSN = {1726-4170},
   DOI = {10.5194/bg-11-1817-2014},
   year = {2014},
   type = {Journal Article}
}

@article{ConcostrinaZubiri2014,
   author = {Concostrina-Zubiri, Laura and Pescador, David S and Martínez, Isabel and Escudero, Adrián},
   title = {Climate and small scale factors determine functional diversity shifts of biological soil crusts in Iberian drylands},
   journal = {Biodiversity and conservation},
   volume = {23},
   pages = {1757-1770},
   ISSN = {0960-3115},
   DOI = {10.1007/s10531-014-0683-9},
   year = {2014},
   type = {Journal Article}
}

@article{Bardgett2014,
   author = {Bardgett, R. D. and van der Putten, W. H.},
   title = {Belowground biodiversity and ecosystem functioning},
   journal = {Nature},
   volume = {515},
   number = {7528},
   pages = {505-11},
   keywords = {Animals
*Biodiversity
*Ecosystem
Food Chain
Introduced Species
Population Dynamics
Soil Microbiology
Time Factors},
   ISSN = {1476-4687 (Electronic)
0028-0836 (Linking)},
   DOI = {10.1038/nature13855},
   url = {https://www.ncbi.nlm.nih.gov/pubmed/25428498},
   year = {2014},
   type = {Journal Article}
}

@article{Ardiles2014,
   author = {Ardiles, Victor and Fariña, Margarita},
   title = {Flora no vascular de la {Región} de {Arica} y {Parinacota}, {Chile}: nuevos registros y consideraciones biogeográficas},
   journal = {Boletín Museo Nacional de Historia Natural},
   volume = {63},
   pages = {213-223},
   ISSN = {0719-935X},
   DOI = {10.54830/bmnhn.v63.2014.139},
   year = {2014},
   type = {Journal Article}
}

@article{Oksanen2013,
   author = {Oksanen, Jari and Blanchet, F Guillaume and Kindt, Roeland and Legendre, P and Minchin, Peter R and O’hara, RB and Simpson, Gavin L and Solymos, Peter and Stevens, M Henry H and Wagner, H},
   title = {vegan: Community ecology package},
   journal = {R package version},
   volume = {2},
   number = {0},
   pages = {321-326},
   DOI = {10.32614/CRAN.package.vegan},
   year = {2013},
   type = {Journal Article}
}

@article{Lightowlers2013,
   author = {Lightowlers, PJ},
   title = {Taxonomic notes on New Zealand species of Tortula},
   journal = {Journal of bryology},
   volume = {13},
   number = {3},
   pages = {369-375},
   ISSN = {0373-6687},
   DOI = {10.1179/jbr.1985.13.3.369},
   year = {2013},
   type = {Journal Article}
}

@article{Iserloh2013,
   author = {Iserloh, T and Ries, JB and Arnáez, J and Boix-Fayos, C and Butzen, V and Cerdà, A and Echeverría, MT and Fernández-Gálvez, J and Fister, W and Geißler, C},
   title = {European small portable rainfall simulators: A comparison of rainfall characteristics},
   journal = {Catena},
   volume = {110},
   pages = {100-112},
   ISSN = {0341-8162},
   DOI = {10.1016/j.catena.2013.05.013},
   year = {2013},
   type = {Journal Article}
}

@article{Bajerski2013,
   author = {Bajerski, F. and Wagner, D.},
   title = {Bacterial succession in {Antarctic} soils of two glacier forefields on {Larsemann Hills}, {East Antarctica}},
   journal = {FEMS Microbiol Ecol},
   volume = {85},
   number = {1},
   pages = {128-42},
   keywords = {Antarctic Regions
Bacteria/*classification/growth & development/isolation & purification
Cyanobacteria/isolation & purification
Ecosystem
Heterotrophic Processes
*Ice Cover
Soil/chemistry
*Soil Microbiology},
   ISSN = {1574-6941 (Electronic)
0168-6496 (Linking)},
   DOI = {10.1111/1574-6941.12105},
   url = {https://www.ncbi.nlm.nih.gov/pubmed/23480659},
   year = {2013},
   type = {Journal Article}
}

@article{Styriakova2012,
   author = {Štyriaková, Iveta and Mockovčiaková, Annamária and Štyriak, Igor and Kraus, Ivan and Uhlík, Peter and Madejová, Jana and Orolínová, Zuzana},
   title = {Bioleaching of clays and iron oxide coatings from quartz sands},
   journal = {Applied Clay Science},
   volume = {61},
   pages = {1-7},
   ISSN = {0169-1317},
   DOI = {10.1016/j.clay.2012.02.020},
   year = {2012},
   type = {Journal Article}
}

@article{Schimel2012,
   author = {Schimel, J. P. and Schaeffer, S. M.},
   title = {Microbial control over carbon cycling in soil},
   journal = {Front Microbiol},
   volume = {3},
   pages = {348},
   keywords = {carbon
diversity
litter
microbial communities
roots
soil},
   ISSN = {1664-302X (Electronic)
1664-302X (Linking)},
   DOI = {10.3389/fmicb.2012.00348},
   url = {https://www.ncbi.nlm.nih.gov/pubmed/23055998},
   year = {2012},
   type = {Journal Article}
}

@article{Pearce2012,
   author = {Pearce, D. A. and Newsham, K. K. and Thorne, M. A. and Calvo-Bado, L. and Krsek, M. and Laskaris, P. and Hodson, A. and Wellington, E. M.},
   title = {Metagenomic analysis of a southern maritime antarctic soil},
   journal = {Front Microbiol},
   volume = {3},
   pages = {403},
   keywords = {454 pyrosequencing
Antarctica
bacteria
metagenomics
polar
soil},
   ISSN = {1664-302X (Electronic)
1664-302X (Linking)},
   DOI = {10.3389/fmicb.2012.00403},
   url = {https://www.ncbi.nlm.nih.gov/pubmed/23227023},
   year = {2012},
   type = {Journal Article}
}

@article{Cuvertino2012,
   author = {Cuvertino, Jorge and Ardiles, Víctor and Osorio, Felipe and Romero, Ximena},
   title = {New records and additions to the {Chilean} bryophyte flora},
   journal = {Ciencia e investigación agraria: revista latinoamericana de ciencias de la agricultura},
   volume = {39},
   number = {2},
   pages = {245-254},
   ISSN = {0718-1620},
   DOI = {10.4067/S0718-16202012000200001},
   year = {2012},
   type = {Journal Article}
}

@article{Chamizo2012,
   author = {Chamizo, Sonia and Cantón, Yolanda and Lázaro, Roberto and Solé-Benet, Albert and Domingo, Francisco},
   title = {Crust composition and disturbance drive infiltration through biological soil crusts in semiarid ecosystems},
   journal = {Ecosystems},
   volume = {15},
   pages = {148-161},
   ISSN = {1432-9840},
   DOI = {10.1007/s10021-011-9499-6},
   year = {2012},
   type = {Journal Article}
}

@article{Mavris2010,
   author = {Mavris, Christian and Egli, Markus and Plötze, Michael and Blum, Joel D and Mirabella, Aldo and Giaccai, Daniele and Haeberli, Wilfried},
   title = {Initial stages of weathering and soil formation in the {Morteratsch} proglacial area ({Upper Engadine, Switzerland})},
   journal = {Geoderma},
   volume = {155},
   number = {3-4},
   pages = {359-371},
   ISSN = {0016-7061},
   DOI = {10.1016/j.geoderma.2009.12.019},
   year = {2010},
   type = {Journal Article}
}

@article{Grote2010,
   author = {Grote, Edmund E and Belnap, Jayne and Housman, David C and Sparks, Jed P},
   title = {Carbon exchange in biological soil crust communities under differential temperatures and soil water contents: implications for global change},
   journal = {Global Change Biology},
   volume = {16},
   number = {10},
   pages = {2763-2774},
   ISSN = {1354-1013},
   DOI = {10.1111/j.1365-2486.2010.02201.x},
   year = {2010},
   type = {Journal Article}
}

@article{Bachar2010,
   author = {Bachar, A. and Al-Ashhab, A. and Soares, M. I. and Sklarz, M. Y. and Angel, R. and Ungar, E. D. and Gillor, O.},
   title = {Soil microbial abundance and diversity along a low precipitation gradient},
   journal = {Microb Ecol},
   volume = {60},
   number = {2},
   pages = {453-61},
   keywords = {Bacteria/classification/genetics/*isolation & purification
*Biodiversity
*Climate
DNA, Bacterial/genetics
Hydrogen-Ion Concentration
Mediterranean Region
Phospholipids/analysis
Polymorphism, Restriction Fragment Length
Rain
Salinity
Soil/analysis
*Soil Microbiology
Water},
   ISSN = {1432-184X (Electronic)
0095-3628 (Linking)},
   DOI = {10.1007/s00248-010-9727-1},
   url = {https://www.ncbi.nlm.nih.gov/pubmed/20683588},
   year = {2010},
   type = {Journal Article}
}

@article{Hinsinger2009,
   author = {Hinsinger, Philippe and Bengough, A Glyn and Vetterlein, Doris and Young, Iain M},
   title = {Rhizosphere: biophysics, biogeochemistry and ecological relevance},
   journal = {Plant and Soil},
   ISSN = {0032-079X},
   DOI = {10.1007/s11104-008-9885-9},
   year = {2009},
   type = {Journal Article}
}

@book{Hartge2009,
   author = {Hartge, KH and Horn, R},
   title = {Die physikalische Untersuchung von Böden. 2., völlig neu bearbeitete Auflage},
   year = {2009},
   type = {Book}
}

@article{Lazaro2008,
   author = {Lázaro, R and Cantón, Y and Solé-Benet, A and Bevan, J and Alexander, R and Sancho, LG and Puigdefábregas, J},
   title = {The influence of competition between lichen colonization and erosion on the evolution of soil surfaces in the {Tabernas} badlands ({SE Spain}) and its landscape effects},
   journal = {Geomorphology},
   volume = {102},
   number = {2},
   pages = {252-266},
   ISSN = {0169-555X},
   DOI = {10.1016/j.geomorph.2008.05.005},
   year = {2008},
   type = {Journal Article}
}

@article{Langfelder2008,
   author = {Langfelder, P. and Horvath, S.},
   title = {WGCNA: an R package for weighted correlation network analysis},
   journal = {BMC Bioinformatics},
   volume = {9},
   pages = {559},
   keywords = {Algorithms
Animals
Computational Biology/*methods
Computer Graphics
*Computing Methodologies
Databases, Genetic
Gene Expression Profiling/methods
Humans
Mice
Oligonucleotide Array Sequence Analysis/*methods
Pattern Recognition, Automated
Programming Languages
*Software
Systems Biology},
   ISSN = {1471-2105 (Electronic)
1471-2105 (Linking)},
   DOI = {10.1186/1471-2105-9-559},
   url = {https://www.ncbi.nlm.nih.gov/pubmed/19114008},
   year = {2008},
   type = {Journal Article}
}

@article{Hothorn2008,
   author = {Hothorn, T. and Bretz, F. and Westfall, P.},
   title = {Simultaneous inference in general parametric models},
   journal = {Biom J},
   volume = {50},
   number = {3},
   pages = {346-63},
   keywords = {*Data Interpretation, Statistical
Humans
*Models, Statistical},
   ISSN = {1521-4036 (Electronic)
0323-3847 (Linking)},
   DOI = {10.1002/bimj.200810425},
   url = {https://www.ncbi.nlm.nih.gov/pubmed/18481363},
   year = {2008},
   type = {Journal Article}
}

@article{Wagner2007,
   author = {Wagner, Stephen and Cattle, Stephen R. and Scholten, Thomas},
   title = {Soil-aggregate formation as influenced by clay content and organic-matter amendment},
   journal = {Journal of Plant Nutrition and Soil Science},
   volume = {170},
   number = {1},
   pages = {173-180},
   ISSN = {1436-8730},
   DOI = {https://doi.org/10.1002/jpln.200521732},
   url = {https://onlinelibrary.wiley.com/doi/abs/10.1002/jpln.200521732},
   year = {2007},
   type = {Journal Article}
}

@article{Proctor2007,
   author = {Proctor, Michael C. F. and Oliver, Melvin J. and Wood, Andrew J. and Alpert, Peter and Stark, Lloyd R. and Cleavitt, Natalie L. and Mishler, Brent D.},
   title = {Desiccation-tolerance in bryophytes: a review},
   journal = {The Bryologist},
   volume = {110},
   number = {4},
   pages = {595-621, 27},
   url = {https://doi.org/10.1639/0007-2745(2007)110[595:DIBAR]2.0.CO;2},
   year = {2007},
   type = {Journal Article}
}

@book{Galloway2007,
   author = {Galloway, DJ},
   title = {Flora of New Zealand: Lichens, including lichen-forming and lichenicolous fungi, Vol 1 and 2},
   ISBN = {0478093764},
   year = {2007},
   type = {Book}
}

@article{Belnap2007,
   author = {Belnap, Jayne and Phillips, Susan L. and Flint, Stephan and Money, John and Caldwell, Martyn},
   title = {Global change and biological soil crusts: effects of ultraviolet augmentation under altered precipitation regimes and nitrogen additions},
   journal = {Global Change Biology},
   volume = {14},
   number = {3},
   pages = {670-686},
   ISSN = {1354-1013
1365-2486},
   DOI = {10.1111/j.1365-2486.2007.01509.x},
   url = {https://onlinelibrary.wiley.com/doi/abs/10.1111/j.1365-2486.2007.01509.x},
   year = {2007},
   type = {Journal Article}
}

@misc{Armesto2007,
   author = {Armesto, Juan J. and Arroyo, Mary T. K.},
   title = {The mediterranean environment of central {Chile}},
   publisher = {Oxford University Press},
   pages = {Pages 184–199},
   ISBN = {9780195313413},
   DOI = {10.1093/oso/9780195313413.003.0019},
   url = {10.1093/oso/9780195313413.003.0019},
   year = {2007},
   type = {Electronic Book Section}
}

@article{Amundson2007,
   author = {Amundson, R. and Richter, D. D. and Humphreys, G. S. and Jobbagy, E. G. and Gaillardet, J.},
   title = {Coupling between Biota and Earth Materials in the Critical Zone},
   journal = {Elements},
   volume = {3},
   number = {5},
   pages = {327-332},
   ISSN = {1811-5209
1811-5217},
   DOI = {10.2113/gselements.3.5.327},
   url = {https://doi.org/10.2113/gselements.3.5.327},
   year = {2007},
   type = {Journal Article}
}

@book{Jahn2006,
   author = {Jahn, R and Blume, HP and Asio, VB and Spaargaren, O and Schad, P},
   title = {Guidelines for soil description},
   publisher = {Fao},
   ISBN = {9251055211},
   year = {2006},
   type = {Book}
}

@article{Ewing2006,
   author = {Ewing, Stephanie A. and Sutter, Brad and Owen, Justine and Nishiizumi, Kunihiko and Sharp, Warren and Cliff, Steven S. and Perry, Kevin and Dietrich, William and McKay, Christopher P. and Amundson, Ronald},
   title = {A threshold in soil formation at {Earth}’s arid–hyperarid transition},
   journal = {Geochimica et Cosmochimica Acta},
   volume = {70},
   number = {21},
   pages = {5293-5322},
   ISSN = {00167037},
   DOI = {10.1016/j.gca.2006.08.020},
   url = {https://www.sciencedirect.com/science/article/pii/S0016703706020023},
   year = {2006},
   type = {Journal Article}
}

@article{Dietrich2006,
   author = {Dietrich, W. E. and Perron, J. T.},
   title = {The search for a topographic signature of life},
   journal = {Nature},
   volume = {439},
   number = {7075},
   pages = {411-8},
   keywords = {*Biology
Earth, Planet
Extraterrestrial Environment
*Geography
Geological Phenomena
*Geology
Life},
   ISSN = {1476-4687 (Electronic)
0028-0836 (Linking)},
   DOI = {10.1038/nature04452},
   url = {https://www.ncbi.nlm.nih.gov/pubmed/16437104},
   year = {2006},
   type = {Journal Article}
}

@article{Csardi2006,
   author = {Csardi, Gabor and Nepusz, Tamas},
   title = {igraph: Network Analysis and Visualization},
   journal = {R package version},
   volume = {1695},
   pages = {1-9},
   DOI = {10.32614/CRAN.package.igraph},
   year = {2006},
   type = {Journal Article}
}

@article{Bowker2006,
   author = {Bowker, Matthew A. and Belnap, Jayne and Miller, Mark E.},
   title = {Spatial Modeling of Biological Soil Crusts to Support Rangeland Assessment and Monitoring},
   journal = {Rangeland Ecology & Management},
   volume = {59},
   number = {5},
   pages = {519-529},
   keywords = {degradation thresholds
drylands
cryptobiotic soil crusts
lichens
mosses
rangeland health},
   ISSN = {15507424},
   DOI = {10.2111/05-179r1.1},
   url = {https://www.sciencedirect.com/science/article/pii/S1550742406500582},
   year = {2006},
   type = {Journal Article}
}

@article{Rasse2005,
   author = {Rasse, Daniel P and Rumpel, Cornelia and Dignac, Marie-France},
   title = {Is soil carbon mostly root carbon? Mechanisms for a specific stabilisation},
   journal = {Plant and soil},
   volume = {269},
   number = {1},
   pages = {341-356},
   ISSN = {0032-079X},
   DOI = {10.1007/s11104-004-0907-y},
   year = {2005},
   type = {Journal Article}
}

@article{Oliver2005,
   author = {Oliver, M. J. and Velten, J. and Mishler, B. D.},
   title = {Desiccation tolerance in bryophytes: a reflection of the primitive strategy for plant survival in dehydrating habitats?},
   journal = {Integr Comp Biol},
   volume = {45},
   number = {5},
   pages = {788-99},
   ISSN = {1540-7063 (Print)
1540-7063 (Linking)},
   DOI = {10.1093/icb/45.5.788},
   url = {https://www.ncbi.nlm.nih.gov/pubmed/21676830},
   year = {2005},
   type = {Journal Article}
}

@article{Nemergut2005,
   author = {Nemergut, D. R. and Costello, E. K. and Meyer, A. F. and Pescador, M. Y. and Weintraub, M. N. and Schmidt, S. K.},
   title = {Structure and function of alpine and arctic soil microbial communities},
   journal = {Res Microbiol},
   volume = {156},
   number = {7},
   pages = {775-84},
   keywords = {Archaea/*classification/genetics/isolation & purification
Arctic Regions
Bacteria/*classification/genetics/isolation & purification
Biodiversity
*Cold Climate
*Ecosystem
Eukaryotic Cells/*classification
Fungi/*classification/genetics/isolation & purification
Genes, rRNA
*Soil Microbiology},
   ISSN = {0923-2508 (Print)
0923-2508 (Linking)},
   DOI = {10.1016/j.resmic.2005.03.004},
   url = {https://www.ncbi.nlm.nih.gov/pubmed/15922566},
   year = {2005},
   type = {Journal Article}
}

@article{Nelson2005,
   author = {Nelson, Paul N and Baldock, Jeffrey A},
   title = {Estimating the molecular composition of a diverse range of natural organic materials from solid-state {13 C NMR} and elemental analyses},
   journal = {Biogeochemistry},
   volume = {72},
   pages = {1-34},
   ISSN = {0168-2563},
   DOI = {10.1007/s10533-004-0076-3},
   year = {2005},
   type = {Journal Article}
}

@inbook{Brehm2005,
   author = {Brehm, Ulrike and Gorbushina, Anna and Mottershead, Derek},
   title = {The role of microorganisms and biofilms in the breakdown and dissolution of quartz and glass},
   booktitle = {Geobiology: Objectives, Concepts, Perspectives},
   editor = {Noffke, N.},
   publisher = {Elsevier},
   address = {Amsterdam},
   pages = {117-129},
   keywords = {Biocorrosion of quartz
Biologically accelerated weathering
Sub-aerial and sub-aquatic biofilms
Glass
Idiomorphic quartz},
   ISBN = {9780444520197},
   DOI = {10.1016/b978-0-444-52019-7.50011-5},
   url = {https://www.sciencedirect.com/science/article/pii/B9780444520197500115},
   year = {2005},
   type = {Book Section}
}

@article{Six2004,
   author = {Six, J. and Bossuyt, H. and Degryze, S. and Denef, K.},
   title = {A history of research on the link between (micro)aggregates, soil biota, and soil organic matter dynamics},
   journal = {Soil and Tillage Research},
   volume = {79},
   number = {1},
   pages = {7-31},
   keywords = {Aggregate
Dry–wet cycle
Earthworm
Freeze–thaw cycle
History
Root
Soil biota
Soil organic matter},
   ISSN = {01671987},
   DOI = {10.1016/j.still.2004.03.008},
   url = {https://www.sciencedirect.com/science/article/pii/S0167198704000881},
   year = {2004},
   type = {Journal Article}
}

@article{Burford2003,
   author = {Burford, EP and Fomina, Marina and Gadd, GM},
   title = {Fungal involvement in bioweathering and biotransformation of rocks and minerals},
   journal = {Mineralogical Magazine},
   volume = {67},
   number = {6},
   pages = {1127-1155},
   ISSN = {0026-461X},
   DOI = {10.1180/0026461036760154},
   year = {2003},
   type = {Journal Article}
}

@article{Belnap2003,
   author = {Belnap, Jayne},
   title = {The world at your feet: desert biological soil crusts},
   journal = {Frontiers in Ecology and the Environment},
   volume = {1},
   number = {4},
   pages = {181-189},
   ISSN = {1540-9309},
   DOI = {10.1890/1540-9295(2003)001[0181:TWAYFD]2.0.CO;2},
   year = {2003},
   type = {Journal Article}
}

@article{Stradling2002,
   author = {Stradling, Dorothy A and Thygerson, Tonya and Walker, Jillian A and Smith, Bruce N and Hansen, Lee D and Criddle, Richard S and Pendleton, Rosemary L},
   title = {Cryptogamic crust metabolism in response to temperature, water vapor, and liquid water},
   journal = {Thermochimica Acta},
   volume = {394},
   number = {1-2},
   pages = {219-225},
   ISSN = {0040-6031},
   DOI = {10.1016/S0040-6031(02)00255-1},
   year = {2002},
   type = {Journal Article}
}

@article{Hulton2002,
   author = {Hulton, N. R. J. and Purves, R. S. and McCulloch, R. D. and Sugden, D. E. and Bentley, M. J.},
   title = {The {Last Glacial Maximum} and deglaciation in southern {South America}},
   journal = {Quaternary Science Reviews},
   volume = {21},
   number = {1-3},
   pages = {233-241},
   ISSN = {02773791},
   DOI = {10.1016/s0277-3791(01)00103-2},
   url = {https://www.sciencedirect.com/science/article/pii/S0277379101001032},
   year = {2002},
   type = {Journal Article}
}

@article{Nunan2001,
   author = {Nunan, Naoise and Ritz, Karl and Crabb, David and Harris, Kirsty and Wu, Keijan and Crawford, John W and Young, Iain M},
   title = {Quantification of the in situ distribution of soil bacteria by large-scale imaging of thin sections of undisturbed soil},
   journal = {FEMS Microbiology Ecology},
   volume = {37},
   number = {1},
   pages = {67-77},
   ISSN = {1574-6941},
   DOI = {10.1111/j.1574-6941.2001.tb00854.x},
   year = {2001},
   type = {Journal Article}
}

@article{Belnap2001,
   author = {Belnap, Jayne and Kaltenecker, J Hilty and Rosentreter, R and Williams, J and Leonard, S and Eldridge, D},
   title = {Biological Soil Crusts: Ecology and Management},
   journal = {US Department of the Interior, Bureau of Land Management, National Science and Technology Center. Denver, Colorado},
   volume = {110},
   year = {2001},
   type = {Journal Article}
}

@article{BednarekOchyra2001,
   author = {Bednarek-Ochyra, H.},
   title = {A note on the moss genus Codriophorus P. Beauv},
   journal = {Cryptogamie Bryologie},
   volume = {22},
   number = {2},
   pages = {105-111},
   keywords = {Bryophyta / / Musci / nomenclature / Palisot de Beauvois / / typification},
   ISSN = {12900796},
   DOI = {10.1016/s1290-0796(01)01055-0},
   url = {https://www.sciencedirect.com/science/article/pii/S1290079601010550},
   year = {2001},
   type = {Journal Article}
}

@article{Barkay2001,
   author = {Barkay, T. and Schaefer, J.},
   title = {Metal and radionuclide bioremediation: issues, considerations and potentials},
   journal = {Curr Opin Microbiol},
   volume = {4},
   number = {3},
   pages = {318-23},
   keywords = {Bacteria/*metabolism
Biodegradation, Environmental
Environmental Pollutants/*metabolism
Metals/*metabolism
Radioisotopes/*metabolism},
   ISSN = {1369-5274 (Print)
1369-5274 (Linking)},
   DOI = {10.1016/s1369-5274(00)00210-1},
   url = {https://www.ncbi.nlm.nih.gov/pubmed/11378486},
   year = {2001},
   type = {Journal Article}
}

@article{Six2000,
   author = {Six, Johan and Elliott, Edward T and Paustian, Keith},
   title = {Soil macroaggregate turnover and microaggregate formation: a mechanism for {C} sequestration under no-tillage agriculture},
   journal = {Soil Biology and Biochemistry},
   volume = {32},
   number = {14},
   pages = {2099-2103},
   ISSN = {0038-0717},
   DOI = {10.1016/S0038-0717(00)00179-6},
   year = {2000},
   type = {Journal Article}
}

@article{Issa1999,
   author = {Issa, O Malam and Trichet, Jean and Défarge, Christian and Couté, Alain and Valentin, Christian},
   title = {Morphology and microstructure of microbiotic soil crusts on a tiger bush sequence (Niger, Sahel)},
   journal = {Catena},
   volume = {37},
   number = {1-2},
   pages = {175-196},
   ISSN = {0341-8162},
   DOI = {10.1016/S0341-8162(99)00052-1},
   year = {1999},
   type = {Journal Article}
}

@article{He1998,
   author = {He, Si},
   title = {A checklist of the mosses of {Chile}},
   journal = {The Journal of the Hattori Botanical Laboratory},
   volume = {85},
   pages = {103-189},
   ISSN = {0073-0912},
   DOI = {10.18968/jhbl.85.0_103},
   year = {1998},
   type = {Journal Article}
}

@article{Dufrene1997,
   author = {Dufrêne, Marc and Legendre, Pierre},
   title = {Species assemblages and indicator species: the need for a flexible asymmetrical approach},
   journal = {Ecological monographs},
   volume = {67},
   number = {3},
   pages = {345-366},
   ISSN = {1557-7015},
   DOI = {10.1890/0012-9615(1997)067[0345:SAAIST]2.0.CO;2},
   year = {1997},
   type = {Journal Article}
}

@article{Bruand1996,
   author = {Bruand, Ary and Cousin, Isabelle and Nicoullaud, Bernard and Duval, Odile and Begon, Jean Claude},
   title = {Backscattered electron scanning images of soil porosity for analyzing soil compaction around roots},
   journal = {Soil Science Society of America Journal},
   volume = {60},
   number = {3},
   pages = {895-901},
   ISSN = {0361-5995},
   DOI = {10.2136/sssaj1996.03615995006000030031x},
   year = {1996},
   type = {Journal Article}
}

@article{SchlechtPietsch1994,
   author = {Schlecht-Pietsch, Sabine and Wagner, Ute and Anderson, Traute-Heidi},
   title = {Changes in composition of soil polysaccharides and aggregate stability after carbon amendments to different textured soils},
   journal = {Applied Soil Ecology},
   volume = {1},
   number = {2},
   pages = {145-154},
   ISSN = {0929-1393},
   DOI = {10.1016/0929-1393(94)90034-5},
   year = {1994},
   type = {Journal Article}
}

@article{Oades1993,
   author = {Oades, J. M.},
   title = {The role of biology in the formation, stabilization and degradation of soil structure},
   journal = {Geoderma},
   volume = {56},
   number = {1-4},
   pages = {377-400},
   ISSN = {00167061},
   DOI = {10.1016/0016-7061(93)90123-3},
   url = {https://www.sciencedirect.com/science/article/pii/0016706193901233},
   year = {1993},
   type = {Journal Article}
}

@article{Martens1992,
   author = {Martens, DA and Frankenberger, WT},
   title = {Decomposition of bacterial polymers in soil and their influence on soil structure},
   journal = {Biology and fertility of soils},
   volume = {13},
   pages = {65-73},
   ISSN = {0178-2762},
   DOI = {10.1007/BF00337337},
   year = {1992},
   type = {Journal Article}
}

@article{Elliott1986,
   author = {Elliott, E. T.},
   title = {Aggregate Structure and Carbon, Nitrogen, and Phosphorus in Native and Cultivated Soils},
   journal = {Soil Science Society of America Journal},
   volume = {50},
   number = {3},
   pages = {627-633},
   ISSN = {0361-5995},
   DOI = {https://doi.org/10.2136/sssaj1986.03615995005000030017x},
   url = {https://acsess.onlinelibrary.wiley.com/doi/abs/10.2136/sssaj1986.03615995005000030017x},
   year = {1986},
   type = {Journal Article}
}

@article{Maegdefrau1951,
   author = {Mägdefrau, K. and Wutz, A.},
   title = {{Die Wasserkapazität der Moos- und Flechtendecke des Waldes}},
   journal = {Forstwissenschaftliches Centralblatt},
   volume = {70},
   number = {2},
   pages = {103-117},
   ISSN = {1439-0337},
   DOI = {10.1007/BF01815956},
   url = {https://doi.org/10.1007/BF01815956},
   year = {1951},
   type = {Journal Article}
}

@book{Jenny1941,
   author = {Jenny, Hans},
   title = {Factors of soil formation: a system of quantitative pedology},
   publisher = {Courier Corporation},
   ISBN = {0486681289},
   year = {1941},
   type = {Book}
}

@article{Kohn1929,
   author = {Köhn, M},
   title = {Bemerkungen zur mechanischen Bodenanalyse IV},
   journal = {Zeitschrift für Pflanzenernährung, Düngung, Bodenkunde},
   volume = {14},
   number = {3},
   pages = {268-280},
   ISSN = {0372-9702},
   DOI = {10.1002/jpln.19290140311},
   year = {1929},
   type = {Journal Article}
}

@article{Zeng2025,
   author = {Zeng, Zhuo and Liu, Dongdong and Dai, Quanhou and Zeng, Jun and Jiang, Juan},
   title = {Effects of moss patches on the sediment loss, flow hydraulics and surface microtopography of soil slopes in karst mountainous areas},
   journal = {Catena},
   volume = {249},
   pages = {108672},
   keywords = {Karst areas
Moss patches
Runoff
Sediment loss
Flow hydraulics
Surface microtopography},
   ISSN = {03418162},
   DOI = {10.1016/j.catena.2024.108672},
   url = {https://www.sciencedirect.com/science/article/pii/S0341816224008695},
   year = {2025},
   type = {Journal Article}
}

@article{Witzgall2024,
   author = {Witzgall, K. and Hesse, B. D. and Pacay-Barrientos, N. L. and Jansa, J. and Seguel, O. and Oses, R. and Buegger, F. and Guigue, J. and Rojas, C. and Rousk, K. and Grams, T. E. E. and Pietrasiak, N. and Mueller, C. W.},
   title = {Soil carbon and nitrogen cycling at the atmosphere-soil interface: Quantifying the responses of biocrust-soil interactions to global change},
   journal = {Glob Chang Biol},
   volume = {30},
   number = {10},
   pages = {e17519},
   keywords = {*Soil/chemistry
*Climate Change
*Nitrogen Cycle
*Soil Microbiology
*Carbon Cycle
*Droughts
*Atmosphere/chemistry
Carbon/metabolism/analysis
Carbon Dioxide/metabolism/analysis
Nitrogen/metabolism/analysis
Ecosystem
C cycle
Plfa
biocrust
biological soil crusts
climate change
dryland
dual labeling
soil organic matter},
   ISSN = {1365-2486 (Electronic)
1354-1013 (Linking)},
   DOI = {10.1111/gcb.17519},
   url = {https://www.ncbi.nlm.nih.gov/pubmed/39381885},
   year = {2024},
   type = {Journal Article}
}

@article{Rodriguez2024,
   author = {Rodriguez, V. and Bartholomaus, A. and Witzgall, K. and Riveras-Munoz, N. and Oses, R. and Liebner, S. and Kallmeyer, J. and Rach, O. and Mueller, C. W. and Seguel, O. and Scholten, T. and Wagner, D.},
   title = {Microbial impact on initial soil formation in arid and semiarid environments under simulated climate change},
   journal = {Front Microbiol},
   volume = {15},
   pages = {1319997},
   keywords = {arid soil
bacterial community
climate change
initial soil formation
manipulation experiment
semiarid soil},
   ISSN = {1664-302X (Print)
1664-302X (Electronic)
1664-302X (Linking)},
   DOI = {10.3389/fmicb.2024.1319997},
   url = {https://www.ncbi.nlm.nih.gov/pubmed/38298893},
   year = {2024},
   type = {Journal Article}
}

@article{Gall2024,
   author = {Gall, Corinna and Nebel, Martin and Scholten, Thomas and Seitz, Steffen},
   title = {The effect of mosses on the relocation of SOC and total N due to soil erosion and percolation in a disturbed temperate forest},
   journal = {Frontiers in Forests and Global Change},
   volume = {7},
   keywords = {Soil Organic Carbon,dissolved organic carbon,Soil erosion,rainfall simulation,Bryophytes},
   ISSN = {2624-893X},
   DOI = {10.3389/ffgc.2024.1379513},
   url = {https://www.frontiersin.org/journals/forests-and-global-change/articles/10.3389/ffgc.2024.1379513},
   year = {2024},
   type = {Journal Article}
}

@inproceedings{Xing2022,
   author = {Xing, Xin and Lourenço, Sérgio D. N.},
   title = {Hydrophobicity Assessment of Sands Treated with Tung Oil},
   booktitle = {Proceedings of the 2022 International Conference on Green Building, Civil Engineering and Smart City},
   editor = {Guo, Wei and Qian, Kai},
   publisher = {Springer Nature Singapore},
   pages = {1084-1090},
   ISBN = {978-981-19-5217-3},
   DOI = {10.1007/978-981-19-5217-3_111},
   year = {2022},
   type = {Conference Proceedings}
}

@article{Szyja2023,
   author = {Szyja, M. and Felde, Vjmnl and Luckel, S. and Tabarelli, M. and Leal, I. R. and Budel, B. and Wirth, R.},
   title = {Biological soil crusts decrease infiltration but increase erosion resistance in a human-disturbed tropical dry forest},
   journal = {Front Microbiol},
   volume = {14},
   pages = {1136322},
   keywords = {aggregate stability
biological soil crust
ecosystem engineer
ecosystem services
regeneration
tropical dry forest
water infiltration and sorptivity},
   ISSN = {1664-302X (Print)
1664-302X (Electronic)
1664-302X (Linking)},
   DOI = {10.3389/fmicb.2023.1136322},
   url = {https://www.ncbi.nlm.nih.gov/pubmed/37152745},
   year = {2023},
   type = {Journal Article}
}

@article{Juan2023,
   author = {Juan, Jiang and Dongdong, Liu and YuanHang, Fei and Pu, Liu},
   title = {Combined effects of moss colonization and rock fragment coverage on sediment losses, flow hydraulics and surface microtopography of carbonate-derived laterite from karst mountainous lands},
   journal = {Catena},
   volume = {229},
   pages = {107202},
   keywords = {Moss colonization
Rock fragment coverage
Sediment loss
Flow hydraulics
Surface microtopography},
   ISSN = {03418162},
   DOI = {10.1016/j.catena.2023.107202},
   url = {https://www.sciencedirect.com/science/article/pii/S034181622300293X},
   year = {2023},
   type = {Journal Article}
}

@article{Iqbal2023,
   author = {Iqbal, I. and Desta, Z. A. and Tripathi, R. K. and Beattie, A. and Badea, A. and Singh, J.},
   title = {Interaction and association analysis of malting related traits in barley},
   journal = {PLoS One},
   volume = {18},
   number = {4},
   pages = {e0283763},
   keywords = {Humans
Chromosome Mapping
*Hordeum/genetics/chemistry
Phenotype
Quantitative Trait Loci/genetics
Polymorphism, Single Nucleotide},
   ISSN = {1932-6203 (Electronic)
1932-6203 (Linking)},
   DOI = {10.1371/journal.pone.0283763},
   url = {https://www.ncbi.nlm.nih.gov/pubmed/37014893},
   year = {2023},
   type = {Journal Article}
}

@article{Xu2022,
   author = {Xu, H. and Zhang, Y. and Shao, X. and Liu, N.},
   title = {Soil nitrogen and climate drive the positive effect of biological soil crusts on soil organic carbon sequestration in drylands: A Meta-analysis},
   journal = {Sci Total Environ},
   volume = {803},
   pages = {150030},
   keywords = {Carbon
Carbon Sequestration
China
*Cyanobacteria
Desert Climate
Ecosystem
Humans
Nitrogen
*Soil
Soil Microbiology
Biological soil crust
Meta-analysis
Soil N:P stoichiometry
Soil enzyme activities},
   ISSN = {1879-1026 (Electronic)
0048-9697 (Linking)},
   DOI = {10.1016/j.scitotenv.2021.150030},
   url = {https://www.ncbi.nlm.nih.gov/pubmed/34525688},
   year = {2022},
   type = {Journal Article}
}

@article{Williams2022,
   author = {Williams, C. Jason and Pierson, Frederick B. and Al‐Hamdan, Osama Z. and Nouwakpo, S. Kossi and Johnson, Justin C. and Polyakov, Viktor O. and Kormos, Patrick R. and Shaff, Scott E. and Spaeth, Kenneth E.},
   title = {Assessing runoff and erosion on woodland‐encroached sagebrush steppe using the Rangeland Hydrology and Erosion Model},
   journal = {Ecosphere},
   volume = {13},
   number = {6},
   pages = {e4145},
   ISSN = {2150-8925
2150-8925},
   DOI = {10.1002/ecs2.4145},
   url = {https://esajournals.onlinelibrary.wiley.com/doi/abs/10.1002/ecs2.4145},
   year = {2022},
   type = {Journal Article}
}

@article{Wang2022,
   author = {Wang, R. and Mattox, C. M. and Phillips, C. L. and Kowalewski, A. R.},
   title = {Carbon Sequestration in Turfgrass-Soil Systems},
   journal = {Plants (Basel)},
   volume = {11},
   number = {19},
   pages = {2478},
   keywords = {biomass
greenhouse gas
hidden carbon cost
lawn
management
net ecosystem exchange
photosynthesis
respiration
soil organic carbon},
   ISSN = {2223-7747 (Print)
2223-7747 (Electronic)
2223-7747 (Linking)},
   DOI = {10.3390/plants11192478},
   url = {https://www.ncbi.nlm.nih.gov/pubmed/36235344},
   year = {2022},
   type = {Journal Article}
}

@misc{RCoreTeam2022,
   author = {R Core Team},
   title = {R: A Language and Environment for Statistical Computing},
   publisher = {R Foundation for Statistical Computing},
   volume = {2022},
   number = {11/28/2022},
   url = {https://www.R-project.org/},
   year = {2022},
   type = {Web Page}
}

@article{Li2022,
   author = {Li, Shenglong and Bowker, Matthew A. and Xiao, Bo},
   title = {Impacts of moss-dominated biocrusts on rainwater infiltration, vertical water flow, and surface soil evaporation in drylands},
   journal = {Journal of Hydrology},
   volume = {612},
   pages = {128176},
   keywords = {Biological soil crust
Micro-lysimeter
Soil moisture
Water flow pattern
Soil field capacity
Loess Plateau},
   ISSN = {00221694},
   DOI = {10.1016/j.jhydrol.2022.128176},
   url = {https://www.sciencedirect.com/science/article/pii/S0022169422007491},
   year = {2022},
   type = {Journal Article}
}

@article{Lazaro2022,
   author = {Lázaro, Roberto and Calvo-Cases, Adolfo and Rodriguez-Caballero, Emilio and Arnau-Rosalén, Eva and Alexander, Roy and Rubio, Consuelo and Cantón, Yolanda and Solé-Benet, Albert and Puigdefábregas, Juan},
   title = {Biocrusts and catchment asymmetry in Tabernas Desert (Almeria, Spain)},
   journal = {Geoderma},
   volume = {406},
   pages = {115526},
   keywords = {Biological soil crusts
Drylands
Semiarid
Landscape
Topography
Badlands},
   ISSN = {00167061},
   DOI = {10.1016/j.geoderma.2021.115526},
   url = {https://www.sciencedirect.com/science/article/pii/S0016706121006066},
   year = {2022},
   type = {Journal Article}
}

@article{JimenezMorillo2022,
   author = {Jimenez-Morillo, N. T. and Almendros, G. and Miller, A. Z. and Hatcher, P. G. and Gonzalez-Perez, J. A.},
   title = {Hydrophobicity of soils affected by fires: An assessment using molecular markers from ultra-high resolution mass spectrometry},
   journal = {Sci Total Environ},
   volume = {817},
   pages = {152957},
   keywords = {*Fires
Humic Substances
Hydrophobic and Hydrophilic Interactions
Mass Spectrometry
*Soil/chemistry
Ft-icr/ms
Forest fire
Partial least squares regression
Soil organic matter
Van Krevelen
Water repellency},
   ISSN = {1879-1026 (Electronic)
0048-9697 (Linking)},
   DOI = {10.1016/j.scitotenv.2022.152957},
   url = {https://www.ncbi.nlm.nih.gov/pubmed/35016935},
   year = {2022},
   type = {Journal Article}
}

@article{Hu2022,
   author = {Hu, Wenfeng and Chen, Lingling and Shen, Jianyun and Yao, Junqiang and He, Qing and Chen, Jing},
   title = {Changes in Extreme Precipitation on the Tibetan Plateau and Its Surroundings: Trends, Patterns, and Relationship with Ocean Oscillation Factors},
   journal = {Water},
   volume = {14},
   number = {16},
   pages = {2509},
   ISSN = {2073-4441},
   DOI = {10.3390/w14162509},
   url = {https://www.mdpi.com/2073-4441/14/16/2509},
   year = {2022},
   type = {Journal Article}
}

@article{Hassan2022,
   author = {Hassan, Kamrul and Carrillo, Yolima and Nielsen, Uffe N.},
   title = {Prolonged drought causes negative plant-soil feedbacks in grassland species under field conditions},
   journal = {Soil Biology and Biochemistry},
   volume = {172},
   pages = {108772},
   keywords = {Rainfall manipulation
Drought
Grassland species
Greenhouse experiment
Field experiment
Plant communities},
   ISSN = {00380717},
   DOI = {10.1016/j.soilbio.2022.108772},
   url = {https://www.sciencedirect.com/science/article/pii/S0038071722002292},
   year = {2022},
   type = {Journal Article}
}

@article{Guo2022,
   author = {Guo, Qi and Wang, Zhanli and Shen, Nan and Zhao, Yunge},
   title = {Impacts of biocrusts on sheet erosion and its detachment- and transport-limited processes: A case study from the Loess Plateau, China},
   journal = {Biosystems Engineering},
   volume = {223},
   pages = {18-28},
   keywords = {Biocrusts
Sheet erosion
Splash detachment
Detachment- and transport-limited
Loess Plateau},
   ISSN = {15375110},
   DOI = {10.1016/j.biosystemseng.2022.08.016},
   url = {https://www.sciencedirect.com/science/article/pii/S1537511022002008},
   year = {2022},
   type = {Journal Article}
}

@article{Gall2022a,
   author = {Gall, Corinna and Ohan, Juliette and Glaser, Karin and Karsten, Ulf and Schloter, Michael and Scholten, Thomas and Schulz, Stefanie and Seitz, Steffen and Kurth, Julia Katharina},
   title = {Biocrusts: Overlooked hotspots of managed soils in mesic environments},
   journal = {Journal of Plant Nutrition and Soil Science},
   volume = {185},
   number = {6},
   pages = {745-751},
   ISSN = {1436-8730},
   DOI = {10.1002/jpln.202200252},
   year = {2022},
   type = {Journal Article}
}

@article{Gall2022b,
   author = {Gall, Corinna and Nebel, Martin and Quandt, Dietmar and Scholten, Thomas and Seitz, Steffen},
   title = {Pioneer biocrust communities prevent soil erosion in temperate forests after disturbances},
   journal = {Biogeosciences},
   volume = {19},
   number = {13},
   pages = {3225-3245},
   ISSN = {1726-4170},
   DOI = {10.5194/bg-19-3225-2022},
   year = {2022},
   type = {Journal Article}
}

@article{Canessa2022,
   author = {Canessa, Rafaella and van den Brink, Liesbeth and Berdugo, Monica B. and Hättenschwiler, Stephan and Rios, Rodrigo S. and Saldaña, Alfredo and Tielbörger, Katja and Bader, Maaike Y.},
   title = {Trait functional diversity explains mixture effects on litter decomposition at the arid end of a climate gradient},
   journal = {Journal of Ecology},
   volume = {110},
   number = {9},
   pages = {2219-2231},
   keywords = {arid ecosystem
climate gradient
ecosystem function and services
functional dispersion
litter diversity effects
litter recalcitrance
nutrient transfer
plant functional traits},
   ISSN = {0022-0477
1365-2745},
   DOI = {10.1111/1365-2745.13946},
   url = {https://doi.org/10.1111/1365-2745.13946},
   year = {2022},
   type = {Journal Article}
}

@article{Pan2021,
   author = {Pan, Shu-Yuan and Dong, Cheng-Di and Su, Jenn-Fang and Wang, Po-Yen and Chen, Chiu-Wen and Chang, Jo-Shu and Kim, Hyunook and Huang, Chin-Pao and Hung, Chang-Mao},
   title = {The Role of Biochar in Regulating the Carbon, Phosphorus, and Nitrogen Cycles Exemplified by Soil Systems},
   journal = {Sustainability},
   volume = {13},
   number = {10},
   pages = {5612},
   ISSN = {2071-1050},
   DOI = {doi.org/10.3390/su13105612},
   url = {https://www.mdpi.com/2071-1050/13/10/5612},
   year = {2021},
   type = {Journal Article}
}

@article{Mascher2021,
   author = {Mascher, M. and Wicker, T. and Jenkins, J. and Plott, C. and Lux, T. and Koh, C. S. and Ens, J. and Gundlach, H. and Boston, L. B. and Tulpova, Z. and Holden, S. and Hernandez-Pinzon, I. and Scholz, U. and Mayer, K. F. X. and Spannagl, M. and Pozniak, C. J. and Sharpe, A. G. and Simkova, H. and Moscou, M. J. and Grimwood, J. and Schmutz, J. and Stein, N.},
   title = {Long-read sequence assembly: a technical evaluation in barley},
   journal = {Plant Cell},
   volume = {33},
   number = {6},
   pages = {1888-1906},
   keywords = {Computational Biology/methods
DNA, Intergenic
Genome, Plant
Genomics/*methods
High-Throughput Nucleotide Sequencing/*methods
Hordeum/*genetics
Molecular Sequence Annotation
Retroelements
Sequence Analysis, DNA
Terminal Repeat Sequences},
   ISSN = {1532-298X (Electronic)
1040-4651 (Print)
1040-4651 (Linking)},
   DOI = {10.1093/plcell/koab077},
   url = {https://www.ncbi.nlm.nih.gov/pubmed/33710295},
   year = {2021},
   type = {Journal Article}
}

@inbook{Hunt2021,
   author = {Hunt, Allen and Egli, Markus and Faybishenko, Boris},
   title = {Where Are We and Where Are We Going? Pedogenesis Through Chemical Weathering, Hydrologic Fluxes, and Bioturbation},
   booktitle = {Hydrogeology, Chemical Weathering, and Soil Formation},
   series = {Geophysical Monograph Series},
   pages = {253-269},
   ISBN = {9781119563969
9781119563952},
   DOI = {10.1002/9781119563952.ch14},
   url = {https://agupubs.onlinelibrary.wiley.com/doi/abs/10.1002/9781119563952.ch14},
   year = {2021},
   type = {Book Section}
}

@article{Eldridge2021,
   author = {Eldridge, David J and Mallen-Cooper, Max and Ding, Jingyi},
   title = {Biocrust functional traits reinforce runon-runoff patchiness in drylands},
   journal = {Geoderma},
   volume = {400},
   pages = {115152},
   ISSN = {0016-7061},
   DOI = {10.1016/j.geoderma.2021.115152},
   year = {2021},
   type = {Journal Article}
}

@article{Schreiber2020,
   author = {Schreiber, M. and Mascher, M. and Wright, J. and Padmarasu, S. and Himmelbach, A. and Heavens, D. and Milne, L. and Clavijo, B. J. and Stein, N. and Waugh, R.},
   title = {A Genome Assembly of the Barley 'Transformation Reference' Cultivar Golden Promise},
   journal = {G3 (Bethesda)},
   volume = {10},
   number = {6},
   pages = {1823-1827},
   keywords = {Genome
Genomics
Genotype
High-Throughput Nucleotide Sequencing
*Hordeum/genetics
Barley
Golden Promise
reference assembly},
   ISSN = {2160-1836 (Electronic)
2160-1836 (Linking)},
   DOI = {10.1534/g3.119.401010},
   url = {https://www.ncbi.nlm.nih.gov/pubmed/32241919},
   year = {2020},
   type = {Journal Article}
}

@article{Oeser2020,
   author = {Oeser, Ralf A. and von Blanckenburg, Friedhelm},
   title = {Do degree and rate of silicate weathering depend on plant productivity?},
   journal = {Biogeosciences},
   volume = {17},
   number = {19},
   pages = {4883-4917},
   ISSN = {1726-4189},
   DOI = {10.5194/bg-17-4883-2020},
   url = {https://bg.copernicus.org/articles/17/4883/2020/},
   year = {2020},
   type = {Journal Article}
}

@article{Nevins2020,
   author = {Nevins, Clayton J. and Strauss, Sarah L. and Inglett, Patrick W.},
   title = {Biological soil crusts enhance moisture and nutrients in the upper rooting zone of sandy soil agroecosystems},
   journal = {Journal of Plant Nutrition and Soil Science},
   volume = {183},
   number = {5},
   pages = {615-626},
   ISSN = {1436-8730
1522-2624},
   DOI = {10.1002/jpln.202000218},
   year = {2020},
   type = {Journal Article}
}

@article{MeseguerRuiz2020,
   author = {Meseguer-Ruiz, Oliver and Ponce-Philimon, Paulina I. and Baltazar, Alexis and Guijarro, Jose A. and Serrano-Notivoli, Roberto and Olcina Cantos, Jorge and Martin-Vide, Javier and Sarricolea, Pablo},
   title = {Synoptic attributions of extreme precipitation in the Atacama Desert (Chile)},
   journal = {Climate Dynamics},
   volume = {55},
   number = {11-12},
   pages = {3431-3444},
   ISSN = {0930-7575
1432-0894},
   DOI = {10.1007/s00382-020-05455-4},
   url = {https://doi.org/10.1007/s00382-020-05455-4},
   year = {2020},
   type = {Journal Article}
}

@article{Luetzenburg2020,
   author = {Luetzenburg, G. and Bittner, M. J. and Calsamiglia, A. and Renschler, C. S. and Estrany, J. and Poeppl, R.},
   title = {Climate and land use change effects on soil erosion in two small agricultural catchment systems Fugnitz - Austria, Can Revull - Spain},
   journal = {Sci Total Environ},
   volume = {704},
   pages = {135389},
   keywords = {GeoWEPP
Global change
Sediment discharge
Soil erosion modeling
Soil loss},
   ISSN = {1879-1026 (Electronic)
0048-9697 (Linking)},
   DOI = {10.1016/j.scitotenv.2019.135389},
   url = {https://www.ncbi.nlm.nih.gov/pubmed/31810709},
   year = {2020},
   type = {Journal Article}
}

@article{Liu2020a,
   author = {Liu, M. and Li, Y. and Ma, Y. and Zhao, Q. and Stiller, J. and Feng, Q. and Tian, Q. and Liu, D. and Han, B. and Liu, C.},
   title = {The draft genome of a wild barley genotype reveals its enrichment in genes related to biotic and abiotic stresses compared to cultivated barley},
   journal = {Plant Biotechnol J},
   volume = {18},
   number = {2},
   pages = {443-456},
   keywords = {Domestication
*Genome, Plant/genetics
Genotype
*Hordeum/genetics
Stress, Physiological/genetics
Hordeum spontaneum
Morex
genetic variation
genome
specific gene},
   ISSN = {1467-7652 (Electronic)
1467-7644 (Print)
1467-7644 (Linking)},
   DOI = {10.1111/pbi.13210},
   url = {https://www.ncbi.nlm.nih.gov/pubmed/31314154},
   year = {2020},
   type = {Journal Article}
}

@article{Liu2020b,
   author = {Liu, Dongdong and She, Dongli},
   title = {Combined effects of moss crusts and pine needles on evaporation of carbonate-derived laterite from karst mountainous lands},
   journal = {Journal of Hydrology},
   volume = {586},
   pages = {124859},
   keywords = {Moss crust
Pine needle
Evaporation process
Karst mountainous land},
   ISSN = {00221694},
   DOI = {10.1016/j.jhydrol.2020.124859},
   url = {https://www.sciencedirect.com/science/article/pii/S002216942030319X},
   year = {2020},
   type = {Journal Article}
}

@article{Lal2020,
   author = {Lal, Rattan},
   title = {Soil organic matter and water retention},
   journal = {Agronomy Journal},
   volume = {112},
   number = {5},
   pages = {3265-3277},
   ISSN = {0002-1962
1435-0645},
   DOI = {10.1002/agj2.20282},
   url = {https://acsess.onlinelibrary.wiley.com/doi/abs/10.1002/agj2.20282},
   year = {2020},
   type = {Journal Article}
}

@article{Jayakodi2020,
   author = {Jayakodi, M. and Padmarasu, S. and Haberer, G. and Bonthala, V. S. and Gundlach, H. and Monat, C. and Lux, T. and Kamal, N. and Lang, D. and Himmelbach, A. and Ens, J. and Zhang, X. Q. and Angessa, T. T. and Zhou, G. and Tan, C. and Hill, C. and Wang, P. and Schreiber, M. and Boston, L. B. and Plott, C. and Jenkins, J. and Guo, Y. and Fiebig, A. and Budak, H. and Xu, D. and Zhang, J. and Wang, C. and Grimwood, J. and Schmutz, J. and Guo, G. and Zhang, G. and Mochida, K. and Hirayama, T. and Sato, K. and Chalmers, K. J. and Langridge, P. and Waugh, R. and Pozniak, C. J. and Scholz, U. and Mayer, K. F. X. and Spannagl, M. and Li, C. and Mascher, M. and Stein, N.},
   title = {The barley pan-genome reveals the hidden legacy of mutation breeding},
   journal = {Nature},
   volume = {588},
   number = {7837},
   pages = {284-289},
   keywords = {Chromosome Inversion/genetics
Chromosome Mapping
Chromosomes, Plant/*genetics
Genetic Loci/genetics
Genome, Plant/*genetics
Genotype
Hordeum/classification/*genetics
*Internationality
*Mutation
*Plant Breeding
Polymorphism, Genetic/genetics
Reference Standards
Seed Bank
Sequence Inversion
Whole Genome Sequencing},
   ISSN = {1476-4687 (Electronic)
0028-0836 (Print)
0028-0836 (Linking)},
   DOI = {10.1038/s41586-020-2947-8},
   url = {https://www.ncbi.nlm.nih.gov/pubmed/33239781},
   year = {2020},
   type = {Journal Article}
}

@article{Ding2020a,
   author = {Ding, Jingyi and Eldridge, David J.},
   title = {Biotic and abiotic effects on biocrust cover vary with microsite along an extensive aridity gradient},
   journal = {Plant and Soil},
   volume = {450},
   number = {1-2},
   pages = {429-441},
   ISSN = {0032-079X
1573-5036},
   DOI = {10.1007/s11104-020-04517-0},
   url = {https://doi.org/10.1007/s11104-020-04517-0},
   year = {2020},
   type = {Journal Article}
}

@article{DeSchepper2020,
   author = {De Schepper, C. F. and Michiels, P. and Langenaeken, N. A. and Courtin, C. M.},
   title = {Accurate quantification of small and large starch granules in barley and malt},
   journal = {Carbohydr Polym},
   volume = {227},
   pages = {115329},
   keywords = {Hordeum/*chemistry
Particle Size
Starch/*chemistry
Barley malt
Brewing
Large and small granules
Starch isolation},
   ISSN = {1879-1344 (Electronic)
0144-8617 (Linking)},
   DOI = {10.1016/j.carbpol.2019.115329},
   url = {https://www.ncbi.nlm.nih.gov/pubmed/31590877},
   year = {2020},
   type = {Journal Article}
}

@article{Canessa2020,
   author = {Canessa, Rafaella and van den Brink, Liesbeth and Saldaña, Alfredo and Rios, Rodrigo S. and Hättenschwiler, Stephan and Mueller, Carsten W. and Prater, Isabel and Tielbörger, Katja and Bader, Maaike Y. and Piper, Frida},
   title = {Relative effects of climate and litter traits on decomposition change with time, climate and trait variability},
   journal = {Journal of Ecology},
   volume = {109},
   number = {1},
   pages = {447-458},
   ISSN = {0022-0477
1365-2745},
   DOI = {10.1111/1365-2745.13516},
   url = {https://besjournals.onlinelibrary.wiley.com/doi/abs/10.1111/1365-2745.13516},
   year = {2020},
   type = {Journal Article}
}

@article{Bernardo2020,
   author = {Bernardo, R.},
   title = {Reinventing quantitative genetics for plant breeding: something old, something new, something borrowed, something BLUE},
   journal = {Heredity (Edinb)},
   volume = {125},
   number = {6},
   pages = {375-385},
   keywords = {Computer Simulation
Genotype
*Models, Genetic
Pedigree
Phenotype
*Plant Breeding
Plants/*genetics
Reproducibility of Results},
   ISSN = {1365-2540 (Electronic)
0018-067X (Print)
0018-067X (Linking)},
   DOI = {10.1038/s41437-020-0312-1},
   url = {https://www.ncbi.nlm.nih.gov/pubmed/32296132},
   year = {2020},
   type = {Journal Article}
}

@article{Xiao2019,
   author = {Xiao, Bo and Ma, Shuang and Hu, Kelin},
   title = {Moss biocrusts regulate surface soil thermal properties and generate buffering effects on soil temperature dynamics in dryland ecosystem},
   journal = {Geoderma},
   volume = {351},
   pages = {9-24},
   keywords = {Microbiotic crust
Biological soil crust
Heat capacity
Thermal conductivity
Thermal diffusivity
Heat pulse probe},
   ISSN = {00167061},
   DOI = {10.1016/j.geoderma.2019.05.017},
   url = {http://www.sciencedirect.com/science/article/pii/S0016706119303520},
   year = {2019},
   type = {Journal Article}
}

@article{Silva2019,
   author = {Silva, Flávio C. and Vieira, Diana C. S. and van der Spek, Els and Keizer, J. Jacob},
   title = {Effect of moss crusts on mitigation of post-fire soil erosion},
   journal = {Ecological Engineering},
   volume = {128},
   pages = {9-17},
   keywords = {Wildfire
Moss
Biological soil crust
Soil erosion
Overland flow},
   ISSN = {09258574},
   DOI = {10.1016/j.ecoleng.2018.12.024},
   url = {https://www.sciencedirect.com/science/article/pii/S0925857418304713},
   year = {2019},
   type = {Journal Article}
}

@article{Scholten2019,
   author = {Scholten, Thomas and Seitz, Steffen},
   title = {Soil Erosion and Land Degradation},
   journal = {Soil Systems},
   volume = {3},
   number = {4},
   pages = {68},
   ISSN = {2571-8789},
   DOI = {10.3390/soilsystems3040068},
   url = {https://www.mdpi.com/2571-8789/3/4/68},
   year = {2019},
   type = {Journal Article}
}

@article{MunozMartin2019,
   author = {Munoz-Martin, M. A. and Becerra-Absalon, I. and Perona, E. and Fernandez-Valbuena, L. and Garcia-Pichel, F. and Mateo, P.},
   title = {Cyanobacterial biocrust diversity in Mediterranean ecosystems along a latitudinal and climatic gradient},
   journal = {New Phytol},
   volume = {221},
   number = {1},
   pages = {123-141},
   keywords = {*Biodiversity
Climate
*Cyanobacteria/genetics
Ecosystem
Mediterranean Region
Microbiota
*Soil Microbiology
Spain
Temperature
Illumina sequencing
global change
indicator
key topsoil microorganisms
precipitation
psychrotolerant cyanobacteria
thermotolerant cyanobacteria},
   ISSN = {1469-8137 (Electronic)
0028-646X (Linking)},
   DOI = {10.1111/nph.15355},
   url = {https://www.ncbi.nlm.nih.gov/pubmed/30047599},
   year = {2019},
   type = {Journal Article}
}

@article{Monat2019,
   author = {Monat, C. and Padmarasu, S. and Lux, T. and Wicker, T. and Gundlach, H. and Himmelbach, A. and Ens, J. and Li, C. and Muehlbauer, G. J. and Schulman, A. H. and Waugh, R. and Braumann, I. and Pozniak, C. and Scholz, U. and Mayer, K. F. X. and Spannagl, M. and Stein, N. and Mascher, M.},
   title = {TRITEX: chromosome-scale sequence assembly of Triticeae genomes with open-source tools},
   journal = {Genome Biol},
   volume = {20},
   number = {1},
   pages = {284},
   keywords = {*Chromosomes, Plant
*Genetic Techniques
*Genome, Plant
Hordeum/*genetics
Software
Triticum/*genetics},
   ISSN = {1474-760X (Electronic)
1474-7596 (Print)
1474-7596 (Linking)},
   DOI = {10.1186/s13059-019-1899-5},
   url = {https://www.ncbi.nlm.nih.gov/pubmed/31849336},
   year = {2019},
   type = {Journal Article}
}

@article{Fang2019,
   author = {Fang, Y. and Zhang, X. and Xue, D.},
   title = {Genetic Analysis and Molecular Breeding Applications of Malting Quality QTLs in Barley},
   journal = {Front Genet},
   volume = {10},
   pages = {352},
   keywords = {barley
correlation
malting quality
marker-assisted selection
phenotypic variance
quantitative trait loci},
   ISSN = {1664-8021 (Print)
1664-8021 (Electronic)
1664-8021 (Linking)},
   DOI = {10.3389/fgene.2019.00352},
   url = {https://www.ncbi.nlm.nih.gov/pubmed/31068969},
   year = {2019},
   type = {Journal Article}
}

@book{Fox2018,
   author = {Fox, John and Weisberg, Sanford},
   title = {An R companion to applied regression},
   publisher = {Sage publications},
   ISBN = {1544336489},
   year = {2018},
   type = {Book}
}

@article{Khaleghi2018,
   author = {Khaleghi, M. R. and Varvani, J.},
   title = {Sediment Rating Curve Parameters Relationship with Watershed Characteristics in the Semiarid River Watersheds},
   journal = {Arabian Journal for Science and Engineering},
   volume = {43},
   number = {7},
   pages = {3725-3737},
   ISSN = {2193-567X
2191-4281},
   DOI = {10.1007/s13369-018-3092-7},
   url = {https://doi.org/10.1007/s13369-018-3092-7},
   year = {2018},
   type = {Journal Article}
}

@article{Nielsen2018,
   author = {Nielsen, Jesper E. and Karup, Dan and de Jonge, Lis W. and Ahm, Malte and Bentzen, Thomas R. and Rasmussen, Michael R. and Moldrup, Per},
   title = {Can the Volume Ratio of Coarse to Fine Particles Explain the Hydraulic Properties of Sandy Soil?},
   journal = {Soil Science Society of America Journal},
   volume = {82},
   number = {5},
   pages = {1093-1100},
   ISSN = {0361-5995
1435-0661},
   DOI = {10.2136/sssaj2018.02.0083},
   url = {https://acsess.onlinelibrary.wiley.com/doi/abs/10.2136/sssaj2018.02.0083},
   year = {2018},
   type = {Journal Article}
}

@article{Montrasio2018,
   author = {Montrasio, Lorella and Valentino, Roberto and Meisina, Claudia},
   title = {Soil Saturation and Stability Analysis of a Test Site Slope Using the Shallow Landslide Instability Prediction (SLIP) Model},
   journal = {Geotechnical and Geological Engineering},
   volume = {36},
   number = {4},
   pages = {2331-2342},
   ISSN = {0960-3182
1573-1529},
   DOI = {10.1007/s10706-018-0465-3},
   url = {https://doi.org/10.1007/s10706-018-0465-3},
   year = {2018},
   type = {Journal Article}
}

@article{Bowker2018,
   author = {Bowker, Matthew A. and Reed, Sasha C. and Maestre, Fernando T. and Eldridge, David J.},
   title = {Biocrusts: the living skin of the earth},
   journal = {Plant and Soil},
   volume = {429},
   number = {1-2},
   pages = {1-7},
   ISSN = {0032-079X
1573-5036},
   DOI = {10.1007/s11104-018-3735-1},
   url = {https://doi.org/10.1007/s11104-018-3735-1},
   year = {2018},
   type = {Journal Article}
}

@article{Aanderud2018,
   author = {Aanderud, Zachary T. and Smart, Trevor B. and Wu, Nan and Taylor, Alexander S. and Zhang, Yuanming and Belnap, Jayne},
   title = {Fungal loop transfer of nitrogen depends on biocrust constituents and nitrogen form},
   journal = {Biogeosciences},
   volume = {15},
   number = {12},
   pages = {3831-3840},
   ISSN = {1726-4189},
   DOI = {10.5194/bg-15-3831-2018},
   url = {https://bg.copernicus.org/articles/15/3831/2018/},
   year = {2018},
   type = {Journal Article}
}

@article{Whitney2017,
   author = {Whitney, Kristen M. and Vivoni, Enrique R. and Duniway, Michael C. and Bradford, John B. and Reed, Sasha C. and Belnap, Jayne},
   title = {Ecohydrological role of biological soil crusts across a gradient in levels of development},
   journal = {Ecohydrology},
   volume = {10},
   number = {7},
   pages = {e1875},
   ISSN = {1936-0584
1936-0592},
   DOI = {10.1002/eco.1875},
   url = {https://onlinelibrary.wiley.com/doi/abs/10.1002/eco.1875},
   year = {2017},
   type = {Journal Article}
}

@article{Rutherford2017,
   author = {Rutherford, W. A. and Painter, T. H. and Ferrenberg, S. and Belnap, J. and Okin, G. S. and Flagg, C. and Reed, S. C.},
   title = {Albedo feedbacks to future climate via climate change impacts on dryland biocrusts},
   journal = {Sci Rep},
   volume = {7},
   number = {1},
   pages = {44188},
   ISSN = {2045-2322 (Electronic)
2045-2322 (Linking)},
   DOI = {10.1038/srep44188},
   url = {https://www.ncbi.nlm.nih.gov/pubmed/28281687},
   year = {2017},
   type = {Journal Article}
}

@article{Mascher2017,
   author = {Mascher, M. and Gundlach, H. and Himmelbach, A. and Beier, S. and Twardziok, S. O. and Wicker, T. and Radchuk, V. and Dockter, C. and Hedley, P. E. and Russell, J. and Bayer, M. and Ramsay, L. and Liu, H. and Haberer, G. and Zhang, X. Q. and Zhang, Q. and Barrero, R. A. and Li, L. and Taudien, S. and Groth, M. and Felder, M. and Hastie, A. and Simkova, H. and Stankova, H. and Vrana, J. and Chan, S. and Munoz-Amatriain, M. and Ounit, R. and Wanamaker, S. and Bolser, D. and Colmsee, C. and Schmutzer, T. and Aliyeva-Schnorr, L. and Grasso, S. and Tanskanen, J. and Chailyan, A. and Sampath, D. and Heavens, D. and Clissold, L. and Cao, S. and Chapman, B. and Dai, F. and Han, Y. and Li, H. and Li, X. and Lin, C. and McCooke, J. K. and Tan, C. and Wang, P. and Wang, S. and Yin, S. and Zhou, G. and Poland, J. A. and Bellgard, M. I. and Borisjuk, L. and Houben, A. and Dolezel, J. and Ayling, S. and Lonardi, S. and Kersey, P. and Langridge, P. and Muehlbauer, G. J. and Clark, M. D. and Caccamo, M. and Schulman, A. H. and Mayer, K. F. X. and Platzer, M. and Close, T. J. and Scholz, U. and Hansson, M. and Zhang, G. and Braumann, I. and Spannagl, M. and Li, C. and Waugh, R. and Stein, N.},
   title = {A chromosome conformation capture ordered sequence of the barley genome},
   journal = {Nature},
   volume = {544},
   number = {7651},
   pages = {427-433},
   keywords = {Cell Nucleus/genetics
Centromere/genetics
Chromatin/genetics/metabolism
Chromosome Mapping
Chromosomes, Artificial, Bacterial/genetics
Chromosomes, Plant/*genetics
Genetic Variation
Genome, Plant/*genetics
Genomics
Haplotypes/genetics
Hordeum/*genetics
Meiosis/genetics
Repetitive Sequences, Nucleic Acid/genetics
Seeds/genetics},
   ISSN = {1476-4687 (Electronic)
0028-0836 (Linking)},
   DOI = {10.1038/nature22043},
   url = {https://www.ncbi.nlm.nih.gov/pubmed/28447635},
   year = {2017},
   type = {Journal Article}
}

@article{Kheirfam2017,
   author = {Kheirfam, Hossein and Sadeghi, Seyed Hamidreza and Homaee, Mehdi and Zarei Darki, Behrouz},
   title = {Quality improvement of an erosion-prone soil through microbial enrichment},
   journal = {Soil and Tillage Research},
   volume = {165},
   pages = {230-238},
   keywords = {Land bioreclamation
Soil biocrust
Soil biofertilizer
Soil quality},
   ISSN = {01671987},
   DOI = {10.1016/j.still.2016.08.021},
   url = {https://www.sciencedirect.com/science/article/pii/S0167198716301829},
   year = {2017},
   type = {Journal Article}
}

@article{GutierrezCastorena2017,
   author = {Gutiérrez‐Castorena, Ma C. and Gutiérrez‐Castorena, E. V. and González‐Vargas, T. and Ortiz‐Solorio, C. A. and Suástegui‐Méndez, E. and Cajuste‐Bontemps, L. and Rodríguez‐Mendoza, M. N.},
   title = {Thematic micro‐maps of soil components using high‐resolution spatially referenced mosaics from whole soil thin sections and image analysis},
   journal = {European Journal of Soil Science},
   volume = {69},
   number = {2},
   pages = {217-231},
   ISSN = {1351-0754
1365-2389},
   DOI = {10.1111/ejss.12506},
   url = {https://bsssjournals.onlinelibrary.wiley.com/doi/abs/10.1111/ejss.12506},
   year = {2017},
   type = {Journal Article}
}

@article{Faist2017,
   author = {Faist, Akasha M. and Herrick, Jeffrey E. and Belnap, Jayne and Van Zee, Justin W. and Barger, Nichole N.},
   title = {Biological soil crust and disturbance controls on surface hydrology in a semi‐arid ecosystem},
   journal = {Ecosphere},
   volume = {8},
   number = {3},
   pages = {e01691},
   ISSN = {2150-8925
2150-8925},
   DOI = {10.1002/ecs2.1691},
   url = {https://esajournals.onlinelibrary.wiley.com/doi/abs/10.1002/ecs2.1691},
   year = {2017},
   type = {Journal Article}
}

@article{Chamizo2017,
   author = {Chamizo, Sonia and Rodríguez-Caballero, Emilio and Román, José Raúl and Cantón, Yolanda},
   title = {Effects of biocrust on soil erosion and organic carbon losses under natural rainfall},
   journal = {Catena},
   volume = {148},
   pages = {117-125},
   keywords = {Biological soil crust
Dissolved organic carbon
Organic carbon mobilisation
Sediment yield
Semiarid
Badlands},
   ISSN = {03418162},
   DOI = {10.1016/j.catena.2016.06.017},
   url = {https://www.sciencedirect.com/science/article/pii/S0341816216302235},
   year = {2017},
   type = {Journal Article}
}

@article{Beier2017,
   author = {Beier, S. and Himmelbach, A. and Colmsee, C. and Zhang, X. Q. and Barrero, R. A. and Zhang, Q. and Li, L. and Bayer, M. and Bolser, D. and Taudien, S. and Groth, M. and Felder, M. and Hastie, A. and Simkova, H. and Stankova, H. and Vrana, J. and Chan, S. and Munoz-Amatriain, M. and Ounit, R. and Wanamaker, S. and Schmutzer, T. and Aliyeva-Schnorr, L. and Grasso, S. and Tanskanen, J. and Sampath, D. and Heavens, D. and Cao, S. and Chapman, B. and Dai, F. and Han, Y. and Li, H. and Li, X. and Lin, C. and McCooke, J. K. and Tan, C. and Wang, S. and Yin, S. and Zhou, G. and Poland, J. A. and Bellgard, M. I. and Houben, A. and Dolezel, J. and Ayling, S. and Lonardi, S. and Langridge, P. and Muehlbauer, G. J. and Kersey, P. and Clark, M. D. and Caccamo, M. and Schulman, A. H. and Platzer, M. and Close, T. J. and Hansson, M. and Zhang, G. and Braumann, I. and Li, C. and Waugh, R. and Scholz, U. and Stein, N. and Mascher, M.},
   title = {Construction of a map-based reference genome sequence for barley, Hordeum vulgare L},
   journal = {Sci Data},
   volume = {4},
   number = {1},
   pages = {170044},
   keywords = {Chromosome Mapping
*Genome, Plant
Hordeum/*genetics
Sequence Analysis},
   ISSN = {2052-4463 (Electronic)
2052-4463 (Linking)},
   DOI = {10.1038/sdata.2017.44},
   url = {https://www.ncbi.nlm.nih.gov/pubmed/28448065},
   year = {2017},
   type = {Journal Article}
}

@article{Bellucci2017,
   author = {Bellucci, A. and Tondelli, A. and Fangel, J. U. and Torp, A. M. and Xu, X. and Willats, W. G. and Flavell, A. and Cattivelli, L. and Rasmussen, S. K.},
   title = {Genome-wide association mapping in winter barley for grain yield and culm cell wall polymer content using the high-throughput CoMPP technique},
   journal = {PLoS One},
   volume = {12},
   number = {3},
   pages = {e0173313},
   keywords = {Cell Wall/*metabolism
*Genome, Plant
*Genome-Wide Association Study
Hordeum/*genetics
Linkage Disequilibrium
Polymers/*metabolism},
   ISSN = {1932-6203 (Electronic)
1932-6203 (Linking)},
   DOI = {10.1371/journal.pone.0173313},
   url = {https://www.ncbi.nlm.nih.gov/pubmed/28301509},
   year = {2017},
   type = {Journal Article}
}

@article{Sancho2016,
   author = {Sancho, Leopoldo G. and Belnap, Jayne and Colesie, Claudia and Raggio, Jose and Weber, Bettina},
   title = {Carbon Budgets of Biological Soil Crusts at Micro-, Meso-, and Global Scales},
   journal = {Biological soil crusts: an organizing principle in drylands},
   pages = {287-304},
   ISSN = {3319302124},
   DOI = {10.1007/978-3-319-30214-0_15},
   year = {2016},
   type = {Journal Article}
}

@article{Gypser2016,
   author = {Gypser, Stella and Veste, Maik and Fischer, Thomas and Lange, Philipp},
   title = {Infiltration and water retention of biological soil crusts on reclaimed soils of former open-cast lignite mining sites in Brandenburg, north-east Germany},
   journal = {Journal of Hydrology and Hydromechanics},
   volume = {64},
   number = {1},
   pages = {1-11},
   ISSN = {0042-790X},
   DOI = {10.1515/johh-2016-0009},
   url = {https://doi.org/10.1515/johh-2016-0009},
   year = {2016},
   type = {Journal Article}
}

@inbook{GarciaPichel2016,
   author = {Garcia-Pichel, Ferran and Felde, Vincent John Martin Noah Linus and Drahorad, Sylvie Laureen and Weber, Bettina},
   title = {Microstructure and Weathering Processes Within Biological Soil Crusts},
   booktitle = {Biological Soil Crusts: An Organizing Principle in Drylands},
   editor = {Weber, Bettina and Büdel, Burkhard and Belnap, Jayne},
   series = {Ecological Studies},
   publisher = {Springer International Publishing},
   address = {Cham},
   chapter = {Chapter 13},
   pages = {237-255},
   ISBN = {978-3-319-30212-6
978-3-319-30214-0},
   DOI = {10.1007/978-3-319-30214-0_13},
   url = {https://doi.org/10.1007/978-3-319-30214-0_13},
   year = {2016},
   type = {Book Section}
}

@article{Dodds2016,
   author = {Dodds, Walter and Smith, Val},
   title = {Nitrogen, phosphorus, and eutrophication in streams},
   journal = {Inland Waters},
   volume = {6},
   number = {2},
   pages = {155-164},
   ISSN = {20442041
2044205X},
   DOI = {10.5268/iw-6.2.909},
   url = {https://www.tandfonline.com/doi/abs/10.5268/IW-6.2.909},
   year = {2016},
   type = {Journal Article}
}

@article{Chamizo2016,
   author = {Chamizo, Sonia and Cantón, Yolanda and Rodríguez‐Caballero, Emilio and Domingo, Francisco},
   title = {Biocrusts positively affect the soil water balance in semiarid ecosystems},
   journal = {Ecohydrology},
   volume = {9},
   number = {7},
   pages = {1208-1221},
   ISSN = {1936-0584
1936-0592},
   DOI = {10.1002/eco.1719},
   url = {https://onlinelibrary.wiley.com/doi/abs/10.1002/eco.1719},
   year = {2016},
   type = {Journal Article}
}

@article{CastilloMonroy2016,
   author = {Castillo-Monroy, Andrea P. and Benítez, Ángel and Reyes-Bueno, Fabián and Donoso, David A. and Cueva, Augusta},
   title = {Biocrust structure responds to soil variables along a tropical scrubland elevation gradient},
   journal = {Journal of Arid Environments},
   volume = {124},
   pages = {31-38},
   keywords = {Lichens
Mosses
Cyanobacteria
Species richness
Abundance
Elevation gradient},
   ISSN = {01401963},
   DOI = {10.1016/j.jaridenv.2015.06.015},
   url = {https://www.sciencedirect.com/science/article/pii/S0140196315300045},
   year = {2016},
   type = {Journal Article}
}

@article{Weber2015,
   author = {Weber, B. and Wu, D. and Tamm, A. and Ruckteschler, N. and Rodriguez-Caballero, E. and Steinkamp, J. and Meusel, H. and Elbert, W. and Behrendt, T. and Sorgel, M. and Cheng, Y. and Crutzen, P. J. and Su, H. and Poschl, U.},
   title = {Biological soil crusts accelerate the nitrogen cycle through large NO and HONO emissions in drylands},
   journal = {Proc Natl Acad Sci U S A},
   volume = {112},
   number = {50},
   pages = {15384-9},
   keywords = {Cyanobacteria/metabolism
*Ecosystem
Nitric Oxide/*analysis
*Nitrogen Cycle
Nitrous Acid/*analysis
Soil/*chemistry
Soil Pollutants/*analysis
biological soil crusts
nitric oxide
nitrogen
nitrous acid
trace gas emission},
   ISSN = {1091-6490 (Electronic)
0027-8424 (Print)
0027-8424 (Linking)},
   DOI = {10.1073/pnas.1515818112},
   url = {https://www.ncbi.nlm.nih.gov/pubmed/26621714},
   year = {2015},
   type = {Journal Article}
}

@article{Liang2015,
   author = {Liang, Tao and Shi, Xiaojun and Guo, Tao and Peng, Sili},
   title = {Arbuscular mycorrhizal fungus mediate changes in mycorrhizosphere soil aggregates},
   journal = {Agricultural Sciences},
   volume = {6},
   number = {12},
   pages = {1455},
   DOI = {10.4236/as.2015.612141},
   year = {2015},
   type = {Journal Article}
}

@article{Colmsee2015,
   author = {Colmsee, C. and Beier, S. and Himmelbach, A. and Schmutzer, T. and Stein, N. and Scholz, U. and Mascher, M.},
   title = {BARLEX - the Barley Draft Genome Explorer},
   journal = {Mol Plant},
   volume = {8},
   number = {6},
   pages = {964-6},
   keywords = {*Genome, Plant
Genomics/*instrumentation/methods
Hordeum/*genetics
Internet
Software},
   ISSN = {1752-9867 (Electronic)
1674-2052 (Linking)},
   DOI = {10.1016/j.molp.2015.03.009},
   url = {https://www.ncbi.nlm.nih.gov/pubmed/25804976},
   year = {2015},
   type = {Journal Article}
}

@article{Bu2015,
   author = {Bu, C. and Wu, S. and Han, F. and Yang, Y. and Meng, J.},
   title = {The combined effects of moss-dominated biocrusts and vegetation on erosion and soil moisture and implications for disturbance on the Loess Plateau, China},
   journal = {PLoS One},
   volume = {10},
   number = {5},
   pages = {e0127394},
   keywords = {Bryophyta/*physiology
China
*Conservation of Natural Resources
*Ecosystem
Geography
*Humidity
Rain
Seasons
Soil/*chemistry
Water/chemistry
Wetlands},
   ISSN = {1932-6203 (Electronic)
1932-6203 (Linking)},
   DOI = {10.1371/journal.pone.0127394},
   url = {https://www.ncbi.nlm.nih.gov/pubmed/25993431},
   year = {2015},
   type = {Journal Article}
}

@article{Zhao2014,
   author = {Zhao, Yunge and Qin, Ningqiang and Weber, Bettina and Xu, Mingxiang},
   title = {Response of biological soil crusts to raindrop erosivity and underlying influences in the hilly Loess Plateau region, China},
   journal = {Biodiversity and Conservation},
   volume = {23},
   number = {7},
   pages = {1669-1686},
   ISSN = {0960-3115
1572-9710},
   DOI = {10.1007/s10531-014-0680-z},
   url = {https://doi.org/10.1007/s10531-014-0680-z},
   year = {2014},
   type = {Journal Article}
}

@article{Tourney2014,
   author = {Tourney, Janette and Ngwenya, Bryne T.},
   title = {The role of bacterial extracellular polymeric substances in geomicrobiology},
   journal = {Chemical Geology},
   volume = {386},
   pages = {115-132},
   keywords = {Extracellular polymeric substances
Geomicrobiology
Biosorption
Biomineralisation},
   ISSN = {00092541},
   DOI = {10.1016/j.chemgeo.2014.08.011},
   url = {https://www.sciencedirect.com/science/article/pii/S0009254114003842},
   year = {2014},
   type = {Journal Article}
}

@article{Liu2014,
   author = {Liu, Meng-Yun and Chang, Qing-Rui and Qi, Yan-Bing and Liu, Jing and Chen, Tao},
   title = {Aggregation and soil organic carbon fractions under different land uses on the tableland of the Loess Plateau of China},
   journal = {Catena},
   volume = {115},
   pages = {19-28},
   ISSN = {0341-8162},
   DOI = {10.1016/j.catena.2013.11.002},
   year = {2014},
   type = {Journal Article}
}

@misc{Li2014,
   author = {Li, Qianru and Sun, Yue and Zhang, Xinyu and Xu, Xingliang and Kuzyakov, Yakov},
   title = {Relationship between carbon and nitrogen mineralization in a subtropical soil},
   pages = {13120},
   month = {May 01, 2014},
   url = {https://ui.adsabs.harvard.edu/abs/2014EGUGA..1613120L},
   year = {2014},
   type = {Conference Paper}
}

@article{Islamovic2014,
   author = {Islamovic, Emir and Obert, Donald E. and Budde, Allen D. and Schmitt, Mark and Brunick, Robert and Kilian, Andrzej and Chao, Shiaoman and Lazo, Gerard R. and Marshall, Juliet M. and Jellen, Eric N. and Maughan, Peter J. and Hu, Gongshe and Klos, Kathy E. and Brown, Ryan H. and Jackson, Eric W.},
   title = {Quantitative trait loci of barley malting quality trait components in the Stellar/01Ab8219 mapping population},
   journal = {Molecular Breeding},
   volume = {34},
   number = {1},
   pages = {59-73},
   ISSN = {1380-3743
1572-9788},
   DOI = {10.1007/s11032-014-0017-3},
   url = {https://doi.org/10.1007/s11032-014-0017-3},
   year = {2014},
   type = {Journal Article}
}

@inbook{Budel2014,
   author = {Büdel, Burkhard and Colesie, Claudia},
   title = {Biological Soil Crusts},
   booktitle = {Antarctic Terrestrial Microbiology: Physical and Biological Properties of Antarctic Soils},
   editor = {Cowan, Don A.},
   publisher = {Springer Berlin Heidelberg},
   address = {Berlin, Heidelberg},
   pages = {131-161},
   ISBN = {978-3-642-45213-0},
   DOI = {10.1007/978-3-642-45213-0_8},
   year = {2014},
   type = {Book Section}
}

@article{Agegnehu2014,
   author = {Agegnehu, Getachew and Lakew, Berhane and Nelson, Paul N.},
   title = {Cropping sequence and nitrogen fertilizer effects on the productivity and quality of malting barley and soil fertility in the Ethiopian highlands},
   journal = {Archives of Agronomy and Soil Science},
   volume = {60},
   number = {9},
   pages = {1261-1275},
   ISSN = {0365-0340
1476-3567},
   DOI = {10.1080/03650340.2014.881474},
   url = {https://doi.org/10.1080/03650340.2014.881474},
   year = {2014},
   type = {Journal Article}
}

@article{RodriguezCaballero2013,
   author = {Rodríguez-Caballero, Emilio and Cantón, Yolanda and Chamizo, Sonia and Lázaro, Roberto and Escudero, Adrián},
   title = {Soil Loss and Runoff in Semiarid Ecosystems: A Complex Interaction Between Biological Soil Crusts, Micro-topography, and Hydrological Drivers},
   journal = {Ecosystems},
   volume = {16},
   number = {4},
   pages = {529-546},
   ISSN = {1432-9840
1435-0629},
   DOI = {10.1007/s10021-012-9626-z},
   url = {https://doi.org/10.1007/s10021-012-9626-z},
   year = {2013},
   type = {Journal Article}
}

@article{Mascher2013,
   author = {Mascher, M. and Muehlbauer, G. J. and Rokhsar, D. S. and Chapman, J. and Schmutz, J. and Barry, K. and Munoz-Amatriain, M. and Close, T. J. and Wise, R. P. and Schulman, A. H. and Himmelbach, A. and Mayer, K. F. and Scholz, U. and Poland, J. A. and Stein, N. and Waugh, R.},
   title = {Anchoring and ordering NGS contig assemblies by population sequencing (POPSEQ)},
   journal = {Plant J},
   volume = {76},
   number = {4},
   pages = {718-27},
   keywords = {Contig Mapping/*methods
Genetics, Population
*Genome, Plant
Genomics/*methods
Hordeum/*genetics
*Sequence Analysis, DNA
Hordeum vulgare
barley
genetic mapping
genome assembly
next-generation sequencing
population sequencing
technical advance},
   ISSN = {1365-313X (Electronic)
0960-7412 (Print)
0960-7412 (Linking)},
   DOI = {10.1111/tpj.12319},
   url = {https://www.ncbi.nlm.nih.gov/pubmed/23998490},
   year = {2013},
   type = {Journal Article}
}

@article{Chamizo2013,
   author = {Chamizo, Sonia and Cantón, Yolanda and Lázaro, Roberto and Domingo, Francisco},
   title = {The role of biological soil crusts in soil moisture dynamics in two semiarid ecosystems with contrasting soil textures},
   journal = {Journal of Hydrology},
   volume = {489},
   pages = {74-84},
   keywords = {Cyanobacteria
Lichen
Scalped soil
Soil moisture
Soil water loss},
   ISSN = {00221694},
   DOI = {10.1016/j.jhydrol.2013.02.051},
   url = {https://www.sciencedirect.com/science/article/pii/S0022169413001820},
   year = {2013},
   type = {Journal Article}
}

@article{Barnard2013,
   author = {Barnard, R. L. and Osborne, C. A. and Firestone, M. K.},
   title = {Responses of soil bacterial and fungal communities to extreme desiccation and rewetting},
   journal = {ISME J},
   volume = {7},
   number = {11},
   pages = {2229-41},
   keywords = {Archaea/genetics/physiology
Bacteria/classification/genetics
*Bacterial Physiological Phenomena
*Biodiversity
California
*Desiccation
Fungi/classification/genetics/*physiology
Gene Expression Regulation, Bacterial
Gene Expression Regulation, Fungal
Phylogeny
RNA, Ribosomal, 16S/genetics
RNA, Ribosomal, 28S/genetics
Seasons
Soil/chemistry
*Soil Microbiology
Water/analysis/*metabolism},
   ISSN = {1751-7370 (Electronic)
1751-7362 (Print)
1751-7362 (Linking)},
   DOI = {10.1038/ismej.2013.104},
   url = {https://www.ncbi.nlm.nih.gov/pubmed/23823489},
   year = {2013},
   type = {Journal Article}
}

@article{IBSC2012,
   author = {{International Barley Genome Sequencing, Consortium} and Mayer, K. F. and Waugh, R. and Brown, J. W. and Schulman, A. and Langridge, P. and Platzer, M. and Fincher, G. B. and Muehlbauer, G. J. and Sato, K. and Close, T. J. and Wise, R. P. and Stein, N.},
   title = {A physical, genetic and functional sequence assembly of the barley genome},
   journal = {Nature},
   volume = {491},
   number = {7426},
   pages = {711-6},
   keywords = {Alternative Splicing/genetics
Codon, Nonsense/genetics
Crops, Agricultural/genetics
Evolution, Molecular
Gene Expression Regulation, Plant
Genes, Plant/genetics
Genome, Plant/*genetics
Genomics
Hordeum/classification/*genetics
Molecular Sequence Annotation
Physical Chromosome Mapping
Polymorphism, Single Nucleotide/genetics
Repetitive Sequences, Nucleic Acid/genetics
*Sequence Analysis, DNA
Transcriptome/genetics},
   ISSN = {1476-4687 (Electronic)
0028-0836 (Linking)},
   DOI = {10.1038/nature11543},
   url = {https://www.ncbi.nlm.nih.gov/pubmed/23075845},
   year = {2012},
   type = {Journal Article}
}

@article{Gholzom2012,
   author = {Gholzom, Esmaeili Hoseen and Gholami, Vahid},
   title = {A comparison between natural forests and reforested lands in terms of runoff generation potential and hydrologic response (case study: Kasilian watershed)},
   journal = {Soil and Water Research},
   volume = {7},
   number = {4},
   pages = {166-173},
   ISSN = {1805-9384},
   DOI = {10.17221/18/2012-SWR},
   year = {2012},
   type = {Journal Article}
}

@article{Elbert2012,
   author = {Elbert, Wolfgang and Weber, Bettina and Burrows, Susannah and Steinkamp, Jörg and Büdel, Burkhard and Andreae, Meinrat O. and Pöschl, Ulrich},
   title = {Contribution of cryptogamic covers to the global cycles of carbon and nitrogen},
   journal = {Nature Geoscience},
   volume = {5},
   number = {7},
   pages = {459-462},
   ISSN = {1752-0894
1752-0908},
   DOI = {10.1038/ngeo1486},
   url = {https://doi.org/10.1038/ngeo1486},
   year = {2012},
   type = {Journal Article}
}

@book{Ullrich2010,
   author = {Ullrich, Steven E},
   title = {Barley: production, improvement, and uses},
   publisher = {John Wiley & Sons},
   volume = {12},
   ISBN = {0470958626},
   DOI = {10.1002/9780470958636},
   year = {2010},
   type = {Book}
}

@inbook{Thomas2010,
   author = {Thomas, William T. B. and Hayes, Patrick M. and Dahleen, Lynn S.},
   title = {Application of Molecular Genetics and Transformation to Barley Improvement},
   booktitle = {Barley},
   pages = {122-143},
   ISBN = {9780813801230
9780470958636},
   DOI = {10.1002/9780470958636.ch6},
   url = {https://onlinelibrary.wiley.com/doi/abs/10.1002/9780470958636.ch6},
   year = {2010},
   type = {Book Section}
}

@inbook{Friedt2010,
   author = {Friedt, Wolfgang and Horsley, Richard D. and Harvey, Bryan L. and Poulsen, David M. E. and Lance, Reg C. M. and Ceccarelli, Salvatore and Grando, Stefania and Capettini, Flavio},
   title = {Barley Breeding History, Progress, Objectives, and Technology},
   booktitle = {Barley},
   pages = {160-220},
   ISBN = {9780813801230
9780470958636},
   DOI = {10.1002/9780470958636.ch8},
   url = {https://onlinelibrary.wiley.com/doi/abs/10.1002/9780470958636.ch8},
   year = {2010},
   type = {Book Section}
}

@article{Szucs2009,
   author = {Szűcs, Péter and Blake, Victoria C. and Bhat, Prasanna R. and Chao, Shiaoman and Close, Timothy J. and Cuesta‐Marcos, Alfonso and Muehlbauer, Gary J. and Ramsay, Luke and Waugh, Robbie and Hayes, Patrick M.},
   title = {An Integrated Resource for Barley Linkage Map and Malting Quality QTL Alignment},
   journal = {The Plant Genome},
   volume = {2},
   number = {2},
   ISSN = {1940-3372
1940-3372},
   DOI = {10.3835/plantgenome2008.01.0005},
   url = {https://acsess.onlinelibrary.wiley.com/doi/abs/10.3835/plantgenome2008.01.0005},
   year = {2009},
   type = {Journal Article}
}

@article{Oburger2009,
   author = {Oburger, Eva and Kirk, Guy J. D. and Wenzel, Walter W. and Puschenreiter, Markus and Jones, David L.},
   title = {Interactive effects of organic acids in the rhizosphere},
   journal = {Soil Biology and Biochemistry},
   volume = {41},
   number = {3},
   pages = {449-457},
   keywords = {Adsorption
Citric acid
Malic acid
Malonic acid
Organic-acid anions
Oxalic acid
Phosphorus
Root exudation
Shikimic acid},
   ISSN = {00380717},
   DOI = {10.1016/j.soilbio.2008.10.034},
   url = {https://www.sciencedirect.com/science/article/pii/S0038071708003714},
   year = {2009},
   type = {Journal Article}
}

@article{Godt2009,
   author = {Godt, Jonathan W. and Baum, Rex L. and Lu, Ning},
   title = {Landsliding in partially saturated materials},
   journal = {Geophysical Research Letters},
   volume = {36},
   number = {2},
   ISSN = {0094-8276
1944-8007},
   DOI = {10.1029/2008gl035996},
   url = {https://agupubs.onlinelibrary.wiley.com/doi/abs/10.1029/2008GL035996},
   year = {2009},
   type = {Journal Article}
}

@article{Brenchley2008,
   author = {Brenchley, Winifred E.},
   title = {Effect of Weight of Seed Upon the Resulting Crop},
   journal = {Annals of Applied Biology},
   volume = {10},
   number = {2},
   pages = {223-240},
   ISSN = {0003-4746
1744-7348},
   DOI = {10.1111/j.1744-7348.1923.tb05671.x},
   url = {https://onlinelibrary.wiley.com/doi/abs/10.1111/j.1744-7348.1923.tb05671.x},
   year = {2008},
   type = {Journal Article}
}

@book{Brady2008,
   author = {Brady, N. C. and Weil, R. R.},
   title = {The Nature and Properties of Soil},
   publisher = {Prentice-Hall},
   address = {Upper Saddle River, New Jersey},
   year = {2008},
   type = {Book}
}

@article{LeBauer2008,
   author = {LeBauer, D. S. and Treseder, K. K.},
   title = {Nitrogen limitation of net primary productivity in terrestrial ecosystems is globally distributed},
   journal = {Ecology},
   volume = {89},
   number = {2},
   pages = {371-9},
   keywords = {Biomass
Carbon/*metabolism
Climate
*Ecosystem
Fertilizers
Nitrogen/*metabolism
Plant Development
Plants/*metabolism
Trees/growth & development/*metabolism},
   ISSN = {0012-9658 (Print)
0012-9658 (Linking)},
   DOI = {10.1890/06-2057.1},
   url = {https://www.ncbi.nlm.nih.gov/pubmed/18409427},
   year = {2008},
   type = {Journal Article}
}

@article{KogelKnabner2008,
   author = {Kögel‐Knabner, Ingrid and Guggenberger, Georg and Kleber, Markus and Kandeler, Ellen and Kalbitz, Karsten and Scheu, Stefan and Eusterhues, Karin and Leinweber, Peter},
   title = {Organo‐mineral associations in temperate soils: Integrating biology, mineralogy, and organic matter chemistry},
   journal = {Journal of Plant Nutrition and Soil Science},
   volume = {171},
   number = {1},
   pages = {61-82},
   ISSN = {1436-8730
1522-2624},
   DOI = {10.1002/jpln.200700048},
   url = {https://onlinelibrary.wiley.com/doi/abs/10.1002/jpln.200700048},
   year = {2008},
   type = {Journal Article}
}

@article{Chen2008,
   author = {Chen, Rongyi and Zhang, Yuanming and Li, Yuan and Wei, Wenshou and Zhang, Jing and Wu, Nan},
   title = {The variation of morphological features and mineralogical components of biological soil crusts in the Gurbantunggut Desert of Northwestern China},
   journal = {Environmental Geology},
   volume = {57},
   number = {5},
   pages = {1135-1143},
   ISSN = {0943-0105
1432-0495},
   DOI = {10.1007/s00254-008-1410-1},
   url = {https://doi.org/10.1007/s00254-008-1410-1},
   year = {2008},
   type = {Journal Article}
}

@article{Fierer2007,
   author = {Fierer, N. and Bradford, M. A. and Jackson, R. B.},
   title = {Toward an ecological classification of soil bacteria},
   journal = {Ecology},
   volume = {88},
   number = {6},
   pages = {1354-64},
   keywords = {Bacteria/*classification/*growth & development/metabolism
*Biodiversity
Carbon/metabolism
*Ecosystem
Phylogeny
Population Density
Population Dynamics
*Soil Microbiology
Sucrose/metabolism},
   ISSN = {0012-9658 (Print)
0012-9658 (Linking)},
   DOI = {10.1890/05-1839},
   url = {https://www.ncbi.nlm.nih.gov/pubmed/17601128},
   year = {2007},
   type = {Journal Article}
}

@article{Yaalon2006,
   author = {Yaalon, Dan H. and Yaron, Bruno},
   title = {Framework for man-made soil changes—an outline of metapedogenesis},
   journal = {Soil Science},
   volume = {171},
   number = {6},
   DOI = {10.1097/00010694-200606001-00021},
   url = {https://journals.lww.com/soilsci/fulltext/1966/10000/framework_for_man_made_soil_changes_an_outline_of.10.aspx},
   year = {2006},
   type = {Journal Article}
}

@article{Tisdall2006,
   author = {Tisdall, J. M. and Oades, J. M.},
   title = {Organic matter and water‐stable aggregates in soils},
   journal = {Journal of Soil Science},
   volume = {33},
   number = {2},
   pages = {141-163},
   ISSN = {0022-4588},
   DOI = {10.1111/j.1365-2389.1982.tb01755.x},
   url = {https://bsssjournals.onlinelibrary.wiley.com/doi/abs/10.1111/j.1365-2389.1982.tb01755.x},
   year = {2006},
   type = {Journal Article}
}

@article{Potokina2006,
   author = {Potokina, E. and Prasad, M. and Malysheva, L. and Roder, M. S. and Graner, A.},
   title = {Expression genetics and haplotype analysis reveal cis regulation of serine carboxypeptidase I (Cxp1), a candidate gene for malting quality in barley (Hordeum vulgare L.)},
   journal = {Funct Integr Genomics},
   volume = {6},
   number = {1},
   pages = {25-35},
   keywords = {Cathepsin A/*genetics/*metabolism
Chromosome Mapping
Chromosomes, Plant
Crosses, Genetic
Genetic Markers
Haplotypes/*genetics
Hordeum/*genetics
Polymorphism, Single Nucleotide/*genetics
*Quantitative Trait Loci
RNA, Plant/genetics/metabolism
Reverse Transcriptase Polymerase Chain Reaction},
   ISSN = {1438-793X (Print)
1438-793X (Linking)},
   DOI = {10.1007/s10142-005-0008-x},
   url = {https://www.ncbi.nlm.nih.gov/pubmed/16283224},
   year = {2006},
   type = {Journal Article}
}

@article{Giovannini2006,
   author = {Giovannini, G. and Sequi, P.},
   title = {Iron and Aluminium as Cementing Substances of Soil Aggregates},
   journal = {Journal of Soil Science},
   volume = {27},
   number = {2},
   pages = {148-153},
   ISSN = {0022-4588},
   DOI = {10.1111/j.1365-2389.1976.tb01985.x},
   url = {https://bsssjournals.onlinelibrary.wiley.com/doi/abs/10.1111/j.1365-2389.1976.tb01985.x},
   year = {2006},
   type = {Journal Article}
}

@article{Edwards2006,
   author = {Edwards, A. P. and Bremner, J. M.},
   title = {Microaggregates in Soils1},
   journal = {Journal of Soil Science},
   volume = {18},
   number = {1},
   pages = {64-73},
   ISSN = {0022-4588},
   DOI = {10.1111/j.1365-2389.1967.tb01488.x},
   url = {https://bsssjournals.onlinelibrary.wiley.com/doi/abs/10.1111/j.1365-2389.1967.tb01488.x},
   year = {2006},
   type = {Journal Article}
}

@article{Crawford2006,
   author = {Crawford, J. W.},
   title = {The relationship between structure and the hydraulic conductivity of soil},
   journal = {European Journal of Soil Science},
   volume = {45},
   number = {4},
   pages = {493-502},
   ISSN = {1351-0754
1365-2389},
   DOI = {10.1111/j.1365-2389.1994.tb00535.x},
   url = {https://bsssjournals.onlinelibrary.wiley.com/doi/abs/10.1111/j.1365-2389.1994.tb00535.x},
   year = {2006},
   type = {Journal Article}
}

@inbook{Hanrahan2005,
   author = {Hanrahan, G. and Chan, G.},
   title = {Nitrogen},
   booktitle = {Encyclopedia of Analytical Science},
   editor = {Worsfold, Paul and Townshend, Alan and Poole, Colin},
   publisher = {Elsevier},
   address = {Oxford},
   pages = {191-196},
   ISBN = {9780123693976},
   DOI = {10.1016/b0-12-369397-7/00401-5},
   url = {https://www.sciencedirect.com/science/article/pii/B0123693977004015},
   year = {2005},
   type = {Book Section}
}

@article{Bronick2005,
   author = {Bronick, Carol Jean and Lal, Rattan},
   title = {Soil structure and management: a review},
   journal = {Geoderma},
   volume = {124},
   number = {1-2},
   pages = {3-22},
   ISSN = {0016-7061},
   DOI = {10.1016/j.geoderma.2004.03.005},
   year = {2005},
   type = {Journal Article}
}

@article{Bernal2005,
   author = {Bernal, Susana and Butturini, Andrea and Sabater, Francesc},
   title = {Seasonal Variations of Dissolved Nitrogen and DOC:DON Ratios in an Intermittent Mediterranean Stream},
   journal = {Biogeochemistry},
   volume = {75},
   number = {2},
   pages = {351-372},
   ISSN = {0168-2563
1573-515X},
   DOI = {10.1007/s10533-005-1246-7},
   url = {https://doi.org/10.1007/s10533-005-1246-7},
   year = {2005},
   type = {Journal Article}
}

@book{Bardgett2005,
   author = {Bardgett, Richard},
   title = {The Biology of Soil},
   publisher = {Oxford University Press},
   ISBN = {9780198525035},
   DOI = {10.1093/acprof:oso/9780198525035.001.0001},
   url = {https://doi.org/10.1093/acprof:oso/9780198525035.001.0001},
   year = {2005},
   type = {Book}
}

@article{Pulleman2004,
   author = {Pulleman, M. M. and Marinissen, J. C. Y.},
   title = {Physical protection of mineralizable C in aggregates from long-term pasture and arable soil},
   journal = {Geoderma},
   volume = {120},
   number = {3-4},
   pages = {273-282},
   keywords = {Soil organic matter
C sequestration
Soil aggregation
Physical protection
Agricultural management},
   ISSN = {00167061},
   DOI = {10.1016/j.geoderma.2003.09.009},
   url = {https://www.sciencedirect.com/science/article/pii/S0016706103003057},
   year = {2004},
   type = {Journal Article}
}

@article{Lal2004,
   author = {Lal, R.},
   title = {Soil carbon sequestration to mitigate climate change},
   journal = {Geoderma},
   volume = {123},
   number = {1-2},
   pages = {1-22},
   keywords = {Greenhouse effect
Soil restoration
Conservation tillage
Mulch farming
Cover cropping
The global C cycle},
   ISSN = {00167061},
   DOI = {10.1016/j.geoderma.2004.01.032},
   url = {https://www.sciencedirect.com/science/article/pii/S0016706104000266},
   year = {2004},
   type = {Journal Article}
}

@article{Gao2004,
   author = {Gao, W. and Clancy, J. A. and Han, F. and Jones, B. L. and Budde, A. and Wesenberg, D. M. and Kleinhofs, A. and Ullrich, S. E. and North American Barley Genome, Project},
   title = {Fine mapping of a malting-quality QTL complex near the chromosome 4H S telomere in barley},
   journal = {Theor Appl Genet},
   volume = {109},
   number = {4},
   pages = {750-60},
   keywords = {Breeding/methods
*Chromosome Mapping
Crosses, Genetic
Hordeum/*genetics
Phenotype
*Quantitative Trait Loci},
   ISSN = {0040-5752 (Print)
0040-5752 (Linking)},
   DOI = {10.1007/s00122-004-1688-7},
   url = {https://www.ncbi.nlm.nih.gov/pubmed/15164174},
   year = {2004},
   type = {Journal Article}
}

@article{Austin2004,
   author = {Austin, A. T. and Yahdjian, L. and Stark, J. M. and Belnap, J. and Porporato, A. and Norton, U. and Ravetta, D. A. and Schaeffer, S. M.},
   title = {Water pulses and biogeochemical cycles in arid and semiarid ecosystems},
   journal = {Oecologia},
   volume = {141},
   number = {2},
   pages = {221-35},
   keywords = {Carbon/metabolism
*Desert Climate
*Ecosystem
Nitrogen/metabolism
Particle Size
*Rain
Seasons
Soil/*analysis
*Soil Microbiology
Water/metabolism},
   ISSN = {0029-8549 (Print)
0029-8549 (Linking)},
   DOI = {10.1007/s00442-004-1519-1},
   url = {https://www.ncbi.nlm.nih.gov/pubmed/14986096},
   year = {2004},
   type = {Journal Article}
}

@article{McBratney2003,
   author = {McBratney, A. B. and Mendonça Santos, M. L. and Minasny, B.},
   title = {On digital soil mapping},
   journal = {Geoderma},
   volume = {117},
   number = {1-2},
   pages = {3-52},
   keywords = {Soil map
Soil survey
Digital map
Classification tree
DEM
DTM
GAM
Generalised linear model
Geophysics
Geostatistics
GIS
Neural network
Pedometrics
Pedotransfer function
Regression tree
Remote sensing
Soil spatial prediction function
Wavelets},
   ISSN = {00167061},
   DOI = {10.1016/s0016-7061(03)00223-4},
   url = {https://www.sciencedirect.com/science/article/pii/S0016706103002234},
   year = {2003},
   type = {Journal Article}
}

@article{KogelKnabner2002,
   author = {Kögel-Knabner, I.},
   title = {The macromolecular organic composition of plant and microbial residues as inputs to soil organic matter},
   journal = {Soil Biology and Biochemistry},
   volume = {34},
   number = {2},
   pages = {139-162},
   keywords = {Litter
Polysaccharides
Lignin
Lipids
Biopolymers
Nuclear magnetic resonance
Plant residues
Microbial residues
Soil organic matter},
   ISSN = {00380717},
   DOI = {10.1016/s0038-0717(01)00158-4},
   url = {https://www.sciencedirect.com/science/article/pii/S0038071701001584},
   year = {2002},
   type = {Journal Article}
}

@article{Scholten1997,
   author = {Scholten, T.},
   title = {Hydrology and erodibility of the soils and saprolite cover of the Swaziland Middleveld},
   journal = {Soil Technology},
   volume = {11},
   number = {3},
   pages = {247-262},
   keywords = {Erodibility
Hydrology
Saprolite
Soil-saprolite complex
Structural stability
Swaziland},
   ISSN = {09333630},
   DOI = {10.1016/s0933-3630(97)00011-1},
   url = {https://www.sciencedirect.com/science/article/pii/S0933363097000111},
   year = {1997},
   type = {Journal Article}
}

@article{Mather1997,
   author = {Mather, D. E. and Tinker, N. A. and LaBerge, D. E. and Edney, M. and Jones, B. L. and Rossnagel, B. G. and Legge, W. G. and Briggs, K. G. and Irvine, R. G. and Falk, D. E. and Kasha, K. J.},
   title = {Regions of the Genome That Affect Grain and Malt Quality in a North American Two‐Row Barley Cross},
   journal = {Crop Science},
   volume = {37},
   number = {2},
   pages = {544-554},
   ISSN = {0011-183X
1435-0653},
   DOI = {10.2135/cropsci1997.0011183X003700020039x},
   url = {https://acsess.onlinelibrary.wiley.com/doi/abs/10.2135/cropsci1997.0011183X003700020039x},
   year = {1997},
   type = {Journal Article}
}

@article{LeBissonnais1997,
   author = {Le Bissonnais, Y. and Arrouays, D.},
   title = {Aggregate stability and assessment of soil crustability and erodibility: II. Application to humic loamy soils with various organic carbon contents},
   journal = {European Journal of Soil Science},
   volume = {48},
   number = {1},
   pages = {39-48},
   ISSN = {1351-0754
1365-2389},
   DOI = {10.1111/j.1365-2389.1997.tb00183.x},
   url = {https://bsssjournals.onlinelibrary.wiley.com/doi/abs/10.1111/j.1365-2389.1997.tb00183.x},
   year = {1997},
   type = {Journal Article}
}

@article{Poesen1994,
   author = {Poesen, J. W. and Torri, D. and Bunte, K.},
   title = {Effects of rock fragments on soil erosion by water at different spatial scales: a review},
   journal = {Catena},
   volume = {23},
   number = {1-2},
   pages = {141-166},
   ISSN = {03418162},
   DOI = {10.1016/0341-8162(94)90058-2},
   url = {https://www.sciencedirect.com/science/article/pii/0341816294900582},
   year = {1994},
   type = {Journal Article}
}

@article{Allison1989,
   author = {Allison, M. J.},
   title = {Areas of absorption relating to malt extract value in modified near infra‐red spectra of barley flour},
   journal = {Journal of The Institute of Brewing},
   volume = {95},
   pages = {283-286},
   DOI = {10.1002/j.2050-0416.1989.tb04633.x},
   year = {1989},
   type = {Journal Article}
}

@book{Kemper1986,
   author = {Kemper, W Doral and Rosenau, Russell C},
   title = {Aggregate stability and size distribution},
   volume = {5},
   series = {Methods of soil analysis: Part 1 Physical and mineralogical methods},
   pages = {425-442},
   year = {1986},
   type = {Book}
}

@article{Wych1983,
   author = {Wych, R. D. and Rasmusson, D. C.},
   title = {Genetic Improvement in Malting Barley Cultivars Since 19201},
   journal = {Crop Science},
   volume = {23},
   number = {6},
   pages = {1037-1040},
   ISSN = {0011-183X
1435-0653},
   DOI = {10.2135/cropsci1983.0011183X002300060004x},
   url = {https://acsess.onlinelibrary.wiley.com/doi/abs/10.2135/cropsci1983.0011183X002300060004x},
   year = {1983},
   type = {Journal Article}
}

@article{Rundel1975,
   author = {Rundel, Philip W. and Weisser, Pablo J.},
   title = {La Campana, a new national park in central Chile},
   journal = {Biological Conservation},
   volume = {8},
   number = {1},
   pages = {35-46},
   ISSN = {00063207},
   DOI = {10.1016/0006-3207(75)90077-4},
   url = {https://www.sciencedirect.com/science/article/pii/0006320775900774},
   year = {1975},
   type = {Journal Article}
}

@article{Bauer1974,
   author = {Bauer, Sebastian W.},
   title = {A Modified Horton Equation for Infiltration during Intermittent Rainfall},
   journal = {Hydrological Sciences Bulletin},
   volume = {19},
   number = {2},
   pages = {219-225},
   ISSN = {0303-6936},
   DOI = {10.1080/02626667409493900},
   url = {https://doi.org/10.1080/02626667409493900},
   year = {1974},
   type = {Journal Article}
}

@article{Lewin1956,
   author = {Lewin, Ralph A},
   title = {Extracellular polysaccharides of green algae},
   journal = {Canadian Journal of Microbiology},
   volume = {2},
   number = {7},
   pages = {665-672},
   ISSN = {0008-4166},
   DOI = {10.1139/m56-079},
   year = {1956},
   type = {Journal Article}
}

@article{Mazurak1950,
   author = {Mazurak, Andrew P},
   title = {Effect of gaseous phase on water-stable synthetic aggregates},
   journal = {Soil science},
   volume = {69},
   number = {2},
   pages = {135-148},
   ISSN = {0038-075X},
   DOI = {10.1097/00010694-195002000-00005},
   year = {1950},
   type = {Journal Article}
}

@article{Bavel1950,
   author = {Bavel, C. H. M. van},
   title = {Mean weight-diameter of soil aggregates as a statistical index of aggregation},
   DOI = {10.2136/sssaj1950.036159950014000C0005x},
   year = {1950},
   type = {Journal Article}
}