@article{AlKaisi2014,
  author  = {Al-Kaisi, M.M. and Douelle, A. and Kwaw-Mensah, D.},
  year    = {2014},
  title   = {Soil microaggregate and macroaggregate decay over time and soil carbon change as influenced by different tillage systems},
  journal = {Journal of Soil and Water Conservation},
  volume  = {69},
  pages   = {574--580},
}

@article{Albuquerque2005,
  author  = {Albuquerque, L. and Simões, C. and Nobre, M.F. and Pino, N.M. and Battista, J.R. and Silva, M.T. and Rainey, F.A. and Da Costa, M.S.},
  year    = {2005},
  title   = {{Truepera radiovictrix} gen. nov., sp. nov., a new radiation resistant species and the proposal of {Trueperaceae} fam. nov.},
  journal = {FEMS Microbiology Letters},
  volume  = {247},
  pages   = {161--169},
  doi     = {10.1016/j.femsle.2005.05.002},
}

@article{Amelung2023,
  author  = {Amelung, W. and Tang, N. and Siebers, N. and Aehnelt, M. and Eusterhues, K. and Felde, V.J.M.N.L. and Guggenberger, G. and Kaiser, K. and K{\"{o}}gel-Knabner, I. and Klumpp, E. and Knief, C. and Kruse, J. and Lehndorff, E. and Mikutta, R. and Peth, S. and Ray, N. and Prechtel, A. and Ritschel, T. and Schweizer, S.A. and Woche, S.K. and Wu, B. and Totsche, K.U.},
  year    = {2023},
  title   = {Architecture of soil microaggregates: {Advanced} methodologies to explore properties and functions},
  journal = {Journal of Plant Nutrition and Soil Science},
  pages   = {1--34},
  doi     = {10.1002/jpln.202300149},
}

@article{Amezketa1999,
  author  = {Amézketa, E.},
  year    = {1999},
  title   = {Soil aggregate stability: {A} review},
  journal = {Journal of Sustainable Agriculture},
  volume  = {14},
  number  = {2},
  pages   = {83--151},
  doi     = {10.1300/J064v14n02_08},
}

@article{Armstrong2016,
  author  = {Armstrong, A. and Valverde, A. and Ramond, J.-B. and Makhalanyane, T.P. and Jansson, J.K. and Hopkins, D.W. and Aspray, T.J. and Seely, M. and Trindade, M.I. and Cowan, D.A.},
  year    = {2016},
  title   = {Temporal dynamics of hot desert microbial communities reveal structural and functional responses to water input},
  journal = {Scientific Reports},
  volume  = {6},
  pages   = {38315},
  doi     = {10.1038/srep38315},
}

@article{Asaf2020,
  author  = {Asaf, S. and Numan, M. and Khan, A.L. and Al-Harrasi, A.},
  year    = {2020},
  title   = {{Sphingomonas}: from diversity and genomics to functional role in environmental remediation and plant growth},
  journal = {Critical Reviews in Biotechnology},
  volume  = {40},
  pages   = {138--152},
  doi     = {10.1080/07388551.2019.1709793},
}

@article{AzuaBustos2018,
  author  = {Azua-Bustos, A. and Fairen, A.G. and Gonzalez-Silva, C. and Ascaso, C. and Carrizo, D. and Fernandez-Martinez, M.A. and Fernandez-Sampedro, M. and Garcia-Descalzo, L. and Garcia-Villadangos, M. and Martin-Redondo, M.P. and Sanchez-Garcia, L. and Wierzchos, J. and Parro, V.},
  year    = {2018},
  title   = {Unprecedented rains decimate surface microbial communities in the hyperarid core of the {Atacama Desert}},
  journal = {Scientific Reports},
  volume  = {8},
  pages   = {16706},
  doi     = {10.1038/s41598-018-35051-w},
}

@article{Bai2021,
  author  = {Bai, F.Y. and Chen, X.P. and Huang, J.Z. and Lu, Y.S. and Dong, H.Y. and Wu, Y.H. and Song, S.L. and Yu, J. and Bai, S. and Chen, Z. and Yang, T.Y. and Peng, X.Y.},
  year    = {2021},
  title   = {Microbial biofilms on a giant monolithic statue of {Buddha}: The symbiosis of microorganisms and mosses and implications for bioweathering},
  journal = {International Biodeterioration & Biodegradation},
  volume  = {156},
  pages   = {105106},
  doi     = {10.1016/j.ibiod.2020.105106},
}

@article{Bailey2013,
  author  = {Bailey, V.L. and McCue, L.A. and Fansler, S.J. and Boyanov, M.I. and DeCarlo, F. and Kemner, K.M. and Konopka, A.},
  year    = {2013},
  title   = {Micrometer-scale physical structure and microbial composition of soil macroaggregates},
  journal = {Soil Biology and Biochemistry},
  volume  = {65},
  pages   = {60--68},
  doi     = {10.1016/j.soilbio.2013.04.012},
}

@article{Barnard2013,
  author  = {Barnard, R.L. and Osborne, C.A. and Firestone, M.K.},
  year    = {2013},
  title   = {Responses of soil bacterial and fungal communities to extreme desiccation and rewetting},
  journal = {The ISME Journal},
  volume  = {7},
  pages   = {2229--2241},
  doi     = {10.1038/ismej.2013.104},
}

@article{Bates2009,
  author  = {Bates, S.T. and Garcia-Pichel, F.},
  year    = {2009},
  title   = {A culture-independent study of free-living fungi in biological soil crusts of the {Colorado Plateau}: Their diversity and relative contribution to microbial biomass},
  journal = {Environmental Microbiology},
  volume  = {11},
  pages   = {56--67},
  doi     = {10.1111/j.1462-2920.2008.01738.x},
}

@misc{Bernhard2018a,
  author       = {Bernhard, N. and Moskwa, L.-M. and Schmidt, K. and Oeser, R.A. and Aburto, F. and Bader, M.Y. and Baumann, K. and von Blanckenburg, F. and Boy, J. and van den Brink, L. and Brucker, E. and B{\"{u}}del, B. and Canessa, R. and Dippold, M.A. and Ehlers, T.A. and Fuentes, J.P. and Godoy, R. and Jung, P. and Karsten, U. and K{\"{o}}ster, M. and Kuzyakov, Y. and Leinweber, P. and Neidhardt, H. and Matus, F. and Mueller, C.W. and Oelmann, Y. and Oses, R. and Osses, P. and Paulino, L. and Samolov, E. and Schaller, M. and Schmid, M. and Spielvogel, S. and Spohn, M. and Stock, S. and Stroncik, N. and Tielb{\"{o}}rger, K. and {\"{U}}bernickel, K. and Scholten, T. and Seguel, O. and Wagner, D. and K{\"{u}}hn, P.},
  year         = {2018},
  title        = {Data supplement to “{P}edogenic and microbial interrelations to regional climate and local topography: {N}ew insights from a climate gradient (arid to humid) along the {C}oastal {C}ordillera of {C}hile.”},
  howpublished = {GFZ Data Services},
  doi          = {10.5880/GFZ.5.3.2018.001},
}

@article{Bernhard2018b,
  author  = {Bernhard, N. and Moskwa, L.M. and Schmidt, K. and Oeser, R.A. and Aburto, F. and Bader, M.Y. and Baumann, K. and von Blanckenburg, F. and Boy, J. and van den Brink, L. and Brucker, E. and B{\"{u}}del, B. and Canessa, R. and Dippold, M.A. and Ehlers, T.A. and Fuentes, J.P. and Godoy, R. and Jung, P. and Karsten, U. and K{\"{o}}ster, M. and Kuzyakov, Y. and Leinweber, P. and Neidhardt, H. and Matus, F. and Mueller, C.W. and Oelmann, Y. and Oses, R. and Osses, P. and Paulino, L. and Samolov, E. and Schaller, M. and Schmid, M. and Spielvogel, S. and Spohn, M. and Stock, S. and Stroncik, N. and Tielb{\"{o}}rger, K. and {\"{U}}bernickel, K. and Scholten, T. and Seguel, O. and Wagner, D. and K{\"{u}}hn, P.},
  year    = {2018},
  title   = {Pedogenic and microbial interrelations to regional climate and local topography: {N}ew insights from a climate gradient (arid to humid) along the {C}oastal {C}ordillera of {C}hile},
  journal = {Catena},
  volume  = {170},
  pages   = {335--355},
  doi     = {10.1016/j.catena.2018.06.018},
}

@article{Bestion2020,
  author  = {Bestion, E. and Barton, S. and García, F.C. and Warfield, R. and Yvon‐Durocher, G.},
  year    = {2020},
  title   = {Abrupt declines in marine phytoplankton production driven by warming and biodiversity loss in a microcosm experiment},
  journal = {Ecology Letters},
  volume  = {23},
  pages   = {457--466},
  doi     = {10.1111/ele.12553}, % DOI inferred from context/lookup
}

@article{Bettermann2021,
  author  = {Bettermann, A. and Zethof, J.H.T. and Babin, D. and Cammeraat, E.L.H. and Solé-Benet, A. and Lázaro, R. and Luna, L. and Nesme, J. and Sørensen, S.J. and Kalbitz, K. and Smalla, K. and Vogel, C.},
  year    = {2021},
  title   = {Importance of microbial communities at the root-soil interface for extracellular polymeric substances and soil aggregation in semiarid grasslands},
  journal = {Soil Biology and Biochemistry},
  volume  = {159},
  pages   = {108301},
  doi     = {10.1016/j.soilbio.2021.108301},
}

@article{Biesgen2020,
  author  = {Biesgen, D. and Frindte, K. and Maarastawi, S. and Knief, C.},
  year    = {2020},
  title   = {Clay content modulates differences in bacterial community structure in soil aggregates of different size},
  journal = {Geoderma},
  volume  = {376},
  pages   = {114544},
  doi     = {10.1016/j.geoderma.2020.114544},
}

@article{Blankinship2016,
  author  = {Blankinship, J.C. and Fonte, S.J. and Six, J. and Schimel, J.P.},
  year    = {2016},
  title   = {Plant versus microbial controls on soil aggregate stability in a seasonally dry ecosystem},
  journal = {Geoderma},
  volume  = {272},
  pages   = {39--50},
  doi     = {10.1016/j.geoderma.2016.03.008},
}

@article{Bouajila2021,
  author  = {Bouajila, A. and Omar, Z. and Magherbi, G.},
  year    = {2021},
  title   = {Soil aggregation, aggregate-associated organic carbon, and total nitrogen under different land use in {Regosols} of coastal arid lands in {Gabes, Tunisia}},
  journal = {Arabian Journal of Geosciences},
  volume  = {14},
  pages   = {1--12},
  doi     = {10.1007/s12517-021-08289-4},
}

@article{Bravo2018,
  author  = {Bravo, A. and Zopfi, J. and Buck, M. and Xu, J. and Bertilsson, S. and Schaefer, J. and Pote, J. and Cosio, C.},
  year    = {2018},
  title   = {{Geobacteraceae} are important members of mercury- methylating microbial communities of sediments impacted by waste water releases},
  journal = {The ISME Journal},
  volume  = {12},
  pages   = {802--812},
  doi     = {10.1038/s41396-017-0007-7},
}

@incollection{Brehm2005,
  author    = {Brehm, U. and Gorbushina, A. and Mottershead, D.},
  year      = {2005},
  title     = {The role of microorganisms and biofilms in the breakdown and dissolution of quartz and glass},
  booktitle = {Geobiology: Objectives, Concepts, Perspectives},
  publisher = {Elsevier B.V.},
  doi       = {10.1016/B978-0-444-52019-7.50011-5},
}

@article{Broadbent2022,
  author  = {Broadbent, A.A.D. and Bahn, M. and Pritchard, W.J. and Newbold, L.K. and Goodall, T. and Guinta, A. and Snell, H.S.K. and Cordero, I. and Michas, A. and Grant, H.K. and Soto, D.X. and Kaufmann, R. and Schloter, M. and Griffiths, R.I. and Bardgett, R.D.},
  year    = {2022},
  title   = {Shrub expansion modulates belowground impacts of changing snow conditions in alpine grasslands},
  journal = {Ecology Letters},
  volume  = {25},
  pages   = {52--64},
  doi     = {10.1111/ele.13903},
}

@article{Callahan2016,
  author  = {Callahan, B.J. and McMurdie, P.J. and Rosen, M.J. and Han, A.W. and Johnson, A.J.A. and Holmes, S.P.},
  year    = {2016},
  title   = {{DADA2}: {H}igh-resolution sample inference from {Illumina} amplicon data},
  journal = {Nature Methods},
  volume  = {13},
  pages   = {581--583},
  doi     = {10.1038/nmeth.3869}, % DOI inferred
}

@article{Caporaso2012,
  author  = {Caporaso, J.G. and Lauber, C.L. and Walters, W.A. and Berg-Lyons, D. and Huntley, J. and Fierer, N. and Owens, S.M. and Betley, J. and Fraser, L. and Bauer, M. and Gormley, N. and Gilbert, J.A. and Smith, G. and Knight, R.},
  year    = {2012},
  title   = {Ultra-high-throughput microbial community analysis on the {Illumina HiSeq} and {MiSeq} platforms},
  journal = {The ISME Journal},
  volume  = {6},
  pages   = {1621--1624},
  doi     = {10.1038/ismej.2012.8},
}

@article{Chen2021,
  author  = {Chen, Y.-J. and Leung, P.M. and Wood, J.L. and Bay, S.K. and Hugenholtz, P. and Kessler, A.J. and Shelley, G. and Waite, D.W. and Franks, A.E. and Cook, P.L.},
  year    = {2021},
  title   = {Metabolic flexibility allows bacterial habitat generalists to become dominant in a frequently disturbed ecosystem},
  journal = {The ISME Journal},
  volume  = {15},
  pages   = {2986--3004},
  doi     = {10.1038/s41396-021-00997-9}, % DOI inferred
}

@incollection{Chenu2011,
  author    = {Chenu, C. and Cosentino, D.},
  year      = {2011},
  title     = {Microbial regulation of soil structural dynamics},
  editor    = {Ritz, K. and Young, I.M.},
  booktitle = {The Architecture and Biology of Soils: Life in Inner Space},
  publisher = {CABI},
  address   = {Wallingford, United Kingdom},
  pages     = {37--70},
}

@incollection{Chotte2005,
  author    = {Chotte, J.-L.},
  year      = {2005},
  title     = {Importance of Microorganisms for Soil Aggregation},
  editor    = {Buscot, F. and Varma, A.},
  booktitle = {Microorganisms in Soils: Roles in Genesis and Functions},
  publisher = {Springer},
  address   = {Berlin, Heidelberg, New York},
  pages     = {107--119},
}

@article{Clavel2011,
  author  = {Clavel, J. and Julliard, R. and Devictor, V.},
  year    = {2011},
  title   = {Worldwide decline of specialist species: toward a global functional homogenization?},
  journal = {Frontiers in Ecology and the Environment},
  volume  = {9},
  pages   = {222--228},
  doi     = {10.1890/080216}, % DOI inferred
}

@article{Cosentino2006,
  author  = {Cosentino, D. and Chenu, C. and Le Bissonnais, Y.},
  year    = {2006},
  title   = {Aggregate stability and microbial community dynamics under drying-wetting cycles in a silt loam soil},
  journal = {Soil Biology and Biochemistry},
  volume  = {38},
  pages   = {2053--2062},
  doi     = {10.1016/j.soilbio.2005.12.022},
}

@article{Crawford2012,
  author  = {Crawford, J. and Deacon, L. and Grinev, D. and Harris, J. and Ritz, K. and Singh, B. and Young, I.},
  year    = {2012},
  title   = {Microbial diversity affects self-organization of the soil-microbe system with consequences for function},
  journal = {Journal of The Royal Society Interface},
  volume  = {9},
  pages   = {1302--1310},
  doi     = {10.1098/rsif.2011.0679},
}

@article{Davinic2012,
  author  = {Davinic, M. and Fultz, L.M. and Acosta-Martinez, V. and Calderón, F.J. and Cox, S.B. and Dowd, S.E. and Allen, V.G. and Zak, J.C. and Moore-Kucera, J.},
  year    = {2012},
  title   = {Pyrosequencing and mid-infrared spectroscopy reveal distinct aggregate stratification of soil bacterial communities and organic matter composition},
  journal = {Soil Biology and Biochemistry},
  volume  = {46},
  pages   = {63--72},
  doi     = {10.1016/j.soilbio.2011.11.021}, % DOI inferred
}

@article{Degens1996,
  author  = {Degens, B. and Sparling, G.},
  year    = {1996},
  title   = {Changes in aggregation do not correspond with changes in labile organic C fractions in soil amended with 14C-glucose},
  journal = {Soil Biology and Biochemistry},
  volume  = {28},
  pages   = {453--462},
  doi     = {10.1016/0038-0717(95)00193-6}, % DOI inferred
}

@article{DelgadoBaquerizo2017,
  author  = {Delgado-Baquerizo, M. and Eldridge, D.J. and Ochoa, V. and Gozalo, B. and Singh, B.K. and Maestre, F.T.},
  year    = {2017},
  title   = {Soil microbial communities drive the resistance of ecosystem multifunctionality to global change in drylands across the globe},
  journal = {Ecology Letters},
  volume  = {20},
  pages   = {1295--1305},
  doi     = {10.1111/ele.12826},
}

@article{Dietrich2006,
  author  = {Dietrich, W.E. and Perron, J.T.},
  year    = {2006},
  title   = {The search for a topographic signature of life},
  journal = {Nature},
  volume  = {439},
  pages   = {411--418},
  doi     = {10.1038/nature04452}, % DOI inferred
}

@article{Ebrahimi2016,
  author  = {Ebrahimi, A. and Or, D.},
  year    = {2016},
  title   = {Microbial community dynamics in soil aggregates shape biogeochemical gas fluxes from soil profiles--upscaling an aggregate biophysical model},
  journal = {Global Change Biology},
  volume  = {22},
  pages   = {3141--3156},
  doi     = {10.1111/gcb.13345},
}

@article{Elliott1986,
  author  = {Elliott, E.T.},
  year    = {1986},
  title   = {Aggregate Structure and Carbon, Nitrogen, and Phosphorus in Native and Cultivated Soils},
  journal = {Soil Science Society of America Journal},
  volume  = {50},
  number  = {3},
  pages   = {627--633},
  doi     = {10.2136/sssaj1986.03615995005000030017x}, % DOI inferred; assuming SSSAJ based on similar entries
}

@article{Erktan2016,
  author  = {Erktan, A. and Cécillon, L. and Graf, F. and Roumet, C. and Legout, C. and Rey, F.},
  year    = {2016},
  title   = {Increase in soil aggregate stability along a {Mediterranean} successional gradient in severely eroded gully bed ecosystems: combined effects of soil, root traits and plant community characteristics},
  journal = {Plant and Soil},
  volume  = {398},
  pages   = {121--137},
  doi     = {10.1007/s11104-015-2648-6}, % DOI inferred
}

@article{Evans2012,
  author  = {Evans, S.E. and Wallenstein, M.D.},
  year    = {2012},
  title   = {Soil microbial community response to drying and rewetting stress: Does historical precipitation regime matter?},
  journal = {Biogeochemistry},
  volume  = {109},
  pages   = {101--116},
  doi     = {10.1007/s10533-011-9638-3},
}

@article{Ewing2006,
  author  = {Ewing, S.A. and Sutter, B. and Owen, J. and Nishiizumi, K. and Sharp, W. and Cliff, S.S. and Perry, K. and Dietrich, W. and McKay, C.P. and Amundson, R.},
  year    = {2006},
  title   = {A threshold in soil formation at {Earth}’s arid–hyperarid transition},
  journal = {Geochimica et Cosmochimica Acta},
  volume  = {70},
  pages   = {5293--5322},
  doi     = {10.1016/j.gca.2006.08.020},
}

@article{Feng2022,
  author  = {Feng, H. and Pan, H. and Li, C. and Zhuge, Y.},
  year    = {2022},
  title   = {Microscale heterogeneity of soil bacterial communities under long-term fertilizations in fluvo-aquic soils},
  journal = {Soil Ecology Letters},
  volume  = {4},
  pages   = {337--347},
  doi     = {10.1007/s42832-021-0121-3},
}

@article{Finn2021,
  author  = {Finn, D.R. and Bergk-Pinto, B. and Hazard, C. and Nicol, G.W. and Tebbe, C.C. and Vogel, T.M.},
  year    = {2021},
  title   = {Functional trait relationships demonstrate life strategies in terrestrial prokaryotes},
  journal = {FEMS Microbiology Ecology},
  volume  = {97},
  pages   = {fiab068},
  doi     = {10.1093/femsec/fiab068},
}

@article{Fox2018,
  author  = {Fox, A. and Ikoyi, I. and Torres-Sallan, G. and Lanigan, G. and Schmalenberger, A. and Wakelin, S. and Creamer, R.},
  year    = {2018},
  title   = {The influence of aggregate size fraction and horizon position on microbial community composition},
  journal = {Applied Soil Ecology},
  volume  = {127},
  pages   = {19--29},
  doi     = {10.1016/j.apsoil.2018.02.023},
}

@article{Gadd2010,
  author  = {Gadd, G.M.},
  year    = {2010},
  title   = {Metals, minerals and microbes: {Geomicrobiology} and bioremediation},
  journal = {Microbiology},
  volume  = {156},
  pages   = {609--643},
  doi     = {10.1099/mic.0.037143-0},
}

@article{Gantner2011,
  author  = {Gantner, S. and Andersson, A.F. and Alonso-Sáez, L. and Bertilsson, S.},
  year    = {2011},
  title   = {Novel primers for 16S {rRNA}-based archaeal community analyses in environmental samples},
  journal = {Journal of Microbiological Methods},
  volume  = {84},
  pages   = {12--18},
  doi     = {10.1016/j.mimet.2010.10.001},
}

@article{Goebel2009,
  author  = {Goebel, M.-O. and Woche, S. and Bachmann, J.},
  year    = {2009},
  title   = {Do soil aggregates really protect encapsulated organic matter against microbial decomposition?},
  journal = {Biologia (Bratislava)},
  volume  = {64},
  pages   = {443--448},
  doi     = {10.2478/s11756-009-0087-1}, % DOI inferred
}

@article{GonzalezBlanco2020,
  author  = {González-Blanco, G. and Pérez-Pérez, V. and Orozco-Villafuerte, J. and Aguirre-Garrido, J.F. and Beristain-Cardoso, R. and Buendía-González, L.},
  year    = {2020},
  title   = {Kinetics and microbial structure of nitrogen cycle bacteria contained in the rhizosphere of natural wetland polluted with chromium},
  journal = {Revista Mexicana de Ingenieria Quimica},
  volume  = {19},
  pages   = {543--553},
  doi     = {10.24275/rmiq/IA599}, % DOI inferred
}

@article{Gorbushina2007,
  author  = {Gorbushina, A.A.},
  year    = {2007},
  title   = {Life on the rocks},
  journal = {Environmental Microbiology},
  volume  = {9},
  pages   = {1613--1631},
  doi     = {10.1111/j.1462-2920.2007.01301.x}, % DOI inferred
}

@article{Guo2020,
  author  = {Guo, H. and Huang, L. and Hu, S. and Chen, C. and Huang, X. and Liu, W. and Wang, S. and Zhu, Y. and Zhao, Y. and Zhang, D.},
  year    = {2020},
  title   = {Effects of Carbon/Nitrogen Ratio on Growth, Intestinal Microbiota and Metabolome of Shrimp ({Litopenaeus vannamei})},
  journal = {Frontiers in Microbiology},
  volume  = {11},
  pages   = {652},
  doi     = {10.3389/fmicb.2020.00652},
}

@article{Gupta2015,
  author  = {Gupta, V.V.S.R. and Germida, J.J.},
  year    = {2015},
  title   = {Soil aggregation: Influence on microbial biomass and implications for biological processes},
  journal = {Soil Biology and Biochemistry},
  volume  = {80},
  pages   = {A3--A9},
  doi     = {10.1016/j.soilbio.2014.09.002},
}

@article{Hammer2001,
  author  = {Hammer, Ø. and Harper, D.A.T. and Ryan, P.D.},
  year    = {2001},
  title   = {{PAST}: {P}aleontological {S}tatistics {S}oftware {P}ackage for {E}ducation and {D}ata {A}nalysis},
  journal = {Palaeontologia Electronica},
  volume  = {4},
  number  = {1},
  pages   = {1--9},
}

@article{Hawkes2020,
  author  = {Hawkes, C.V. and Shinada, M. and Kivlin, S.N.},
  year    = {2020},
  title   = {Historical climate legacies on soil respiration persist despite extreme changes in rainfall},
  journal = {Soil Biology and Biochemistry},
  volume  = {143},
  pages   = {107752},
  doi     = {10.1016/j.soilbio.2020.107752}, % DOI inferred
}

@article{Jarvis2007,
  author  = {Jarvis, P. and Rey, A. and Petsikos, C. and Wingate, L. and Rayment, M. and Pereira, J. and Banza, J. and David, J. and Miglietta, F. and Borghetti, M.},
  year    = {2007},
  title   = {Drying and wetting of {Mediterranean} soils stimulates decomposition and carbon dioxide emission: the “{Birch} effect.”},
  journal = {Tree Physiology},
  volume  = {27},
  pages   = {929--940},
  doi     = {10.1093/treephys/27.7.929}, % DOI inferred
}

@article{Jia2020,
  author  = {Jia, L. and Liu, H. and Kong, Q. and Li, M. and Wu, S. and Wu, H.},
  year    = {2020},
  title   = {Interactions of high-rate nitrate reduction and heavy metal mitigation in iron-carbon-based constructed wetlands for purifying contaminated groundwater},
  journal = {Water Research},
  volume  = {169},
  pages   = {115285},
  doi     = {10.1016/j.watres.2019.115285},
}

@article{Kihara2012,
  author  = {Kihara, J. and Martius, C. and Bationo, A. and Thuita, M. and Lesueur, D. and Herrmann, L. and Amelung, W. and Vlek, P.L.G.},
  year    = {2012},
  title   = {Soil aggregation and total diversity of bacteria and fungi in various tillage systems of sub-humid and semi-arid {Kenya}},
  journal = {Applied Soil Ecology},
  volume  = {58},
  pages   = {12--20},
  doi     = {10.1016/j.apsoil.2012.02.012}, % DOI inferred
}

@article{Kravchenko2015,
  author  = {Kravchenko, A.N. and Negassa, W.C. and Guber, A.K. and Rivers, M.L.},
  year    = {2015},
  title   = {Protection of soil carbon within macro-aggregates depends on intra-aggregate pore characteristics},
  journal = {Scientific Reports},
  volume  = {5},
  pages   = {16261},
  doi     = {10.1038/srep16261}, % DOI inferred
}

@article{Kuramae2012,
  author  = {Kuramae, E.E. and Yergeau, E. and Wong, L.C. and Pijl, A.S. and Van Veen, J.A. and Kowalchuk, G.A.},
  year    = {2012},
  title   = {Soil characteristics more strongly influence soil bacterial communities than land-use type},
  journal = {FEMS Microbiology Ecology},
  volume  = {79},
  pages   = {12--24},
  doi     = {10.1111/j.1574-6941.2011.01192.x},
}

@article{Lehmann2017,
  author  = {Lehmann, A. and Zheng, W. and Rillig, M.C.},
  year    = {2017},
  title   = {Soil biota contributions to soil aggregation},
  journal = {Nature Ecology & Evolution},
  volume  = {1},
  pages   = {1828--1835},
  doi     = {10.1038/s41559-017-0344-y},
}

@article{Lehrsch1991,
  author  = {Lehrsch, G.A. and Sojka, R.E. and Jolley, P.M.},
  year    = {1991},
  title   = {Freezing effects on aggregate stability affected by texture, mineralogy, and organic matter},
  journal = {Soil Science Society of America Journal},
  volume  = {55},
  number  = {5},
  pages   = {1401--1406},
  doi     = {10.2136/sssaj1991.03615995005500050031x}, % Added number and DOI
}

@article{Li2021,
  author  = {Li, G. and Niu, W. and Sun, J. and Zhang, W. and Zhang, E. and Wang, J.},
  year    = {2021},
  title   = {Soil moisture and nitrogen content influence wheat yield through their effects on the root system and soil bacterial diversity under drip irrigation},
  journal = {Land Degradation & Development},
  volume  = {32},
  pages   = {3062--3076},
  doi     = {10.1002/ldr.3967},
}

@article{Louca2016,
  author  = {Louca, S. and Parfrey, L.W. and Doebeli, M.},
  year    = {2016},
  title   = {Decoupling function and taxonomy in the global ocean microbiome},
  journal = {Science},
  volume  = {353},
  number  = {6305},
  pages   = {1272--1277},
  doi     = {10.1126/science.aaf4507}, % DOI and issue inferred
}

@incollection{Lynch1985,
  author    = {Lynch, J.M. and Bragg, E.}, % Assumed J.M. initial for Lynch
  year      = {1985},
  title     = {Microorganisms and soil aggregate stability},
  editor    = {Stewart, B.A.}, % Assumed B.A. initial
  booktitle = {Advances in Soil Science},
  volume    = {3}, % Volume inferred
  publisher = {Springer},
  address   = {New York, NY},
  pages     = {133--171},
  doi       = {10.1007/978-1-4612-5088-3_3},
}

@article{Maier2018,
  author  = {Maier, S. and Tamm, A. and Wu, D. and Caesar, J. and Grube, M. and Weber, B.},
  year    = {2018},
  title   = {Photoautotrophic organisms control microbial abundance, diversity, and physiology in different types of biological soil crusts},
  journal = {The ISME Journal},
  volume  = {12},
  pages   = {1032--1046},
  doi     = {10.1038/s41396-018-0062-8}, % Fixed DOI formatting
}

@article{Martin2011,
  author  = {Martin, M.},
  year    = {2011},
  title   = {{Cutadapt} removes adapter sequences from high-throughput sequencing reads},
  journal = {EMBnet.journal},
  volume  = {17},
  number  = {1},
  pages   = {10--12},
  doi     = {10.14806/ej.17.1.200},
}

@article{Marx2005,
  author  = {Marx, M.C. and Kandeler, E. and Wood, M. and Wermbter, N. and Jarvis, S.C.},
  year    = {2005},
  title   = {Exploring the enzymatic landscape: distribution and kinetics of hydrolytic enzymes in soil particle-size fractions},
  journal = {Soil Biology and Biochemistry},
  volume  = {37},
  pages   = {35--48},
  doi     = {10.1016/j.soilbio.2004.07.035}, % DOI inferred
}

@misc{Moskwa2020,
  author       = {Moskwa, L.-M. and Oses, R. and Wagner, D.},
  year         = {2020},
  title        = {Distribution of microbial generalists and habitat specialists in soils along a climate gradient in the {Chilean Coastal Cordillera}},
  howpublished = {Research Square Preprint},
  pages        = {1--31},
  doi          = {10.21203/rs.3.rs-41494/v1},
  note         = {Preprint},
}

@article{Mucina2011,
  author  = {Mucina, L. and Wardell-Johnson, G.W.},
  year    = {2011},
  title   = {Landscape age and soil fertility, climatic stability, and fire regime predictability: Beyond the {OCBIL} framework},
  journal = {Plant and Soil},
  volume  = {341},
  pages   = {1--23},
  doi     = {10.1007/s11104-010-0680-7}, % DOI inferred
}

@article{Mueller2012,
  author  = {Mueller, C.W. and Schlund, S. and Prietzel, J. and K{\"{o}}gel-Knabner, I. and Gutsch, M.},
  year    = {2012},
  title   = {Soil aggregate destruction by ultrasonication increases soil organic matter mineralization and mobility},
  journal = {Soil Science Society of America Journal},
  volume  = {76},
  number  = {5},
  pages   = {1634--1643},
  doi     = {10.2136/sssaj2012.0007}, % DOI and issue inferred
}

@article{Mulla1992,
  author  = {Mulla, D.J. and Huyck, L.M. and Reganold, J.P.},
  year    = {1992},
  title   = {Temporal variations in aggregate stability on conventional and alternative farms},
  journal = {Soil Science Society of America Journal},
  volume  = {56},
  number  = {5},
  pages   = {1620--1624},
  doi     = {10.2136/sssaj1992.03615995005600050044x}, % DOI and issue inferred
}

@article{Mummey2004,
  author  = {Mummey, D.L. and Stahl, P.D.},
  year    = {2004},
  title   = {Analysis of soil whole- and inner-microaggregate bacterial communities},
  journal = {Microbial Ecology},
  volume  = {48},
  pages   = {41--50},
  doi     = {10.1007/s00248-003-1000-4},
}

@article{Muyzer1993,
  author  = {Muyzer, G. and De Waal, E.C. and Uitterlinden, A.G.},
  year    = {1993},
  title   = {Profiling of complex microbial populations by denaturing gradient gel electrophoresis analysis of polymerase chain reaction-amplified genes coding for 16S {rRNA}},
  journal = {Applied and Environmental Microbiology},
  volume  = {59},
  number  = {3},
  pages   = {695--700},
  doi     = {10.1128/aem.59.3.695-700.1993}, % DOI and issue inferred
}

@article{Najera2020,
  author  = {Najera, F. and Dippold, M.A. and Boy, J. and Seguel, O. and Koester, M. and Stock, S. and Merino, C. and Kuzyakov, Y. and Matus, F.},
  year    = {2020},
  title   = {Effects of drying/rewetting on soil aggregate dynamics and implications for organic matter turnover},
  journal = {Biology and Fertility of Soils},
  volume  = {56},
  pages   = {893--905},
  doi     = {10.1007/s00374-020-01469-6},
}

@article{Oades1984,
  author  = {Oades, J.M.},
  year    = {1984},
  title   = {Soil organic matter and structural stability: mechanisms and implications for management},
  journal = {Plant and Soil},
  volume  = {76},
  pages   = {319--337},
  doi     = {10.1007/BF02205590},
}

@article{Oades1991,
  author  = {Oades, J.M. and Waters, A.G.},
  year    = {1991},
  title   = {Aggregate hierarchy in soils},
  journal = {Australian Journal of Soil Research},
  volume  = {29},
  number  = {6},
  pages   = {815--828},
  doi     = {10.1071/SR9910815},
}

@misc{Oeser2018a,
  author       = {Oeser, R.A. and Stroncik, N. and Moskwa, L.-M. and Bernhard, N. and Schaller, M. and Canessa, R. and van den Brink, L. and K{\"{o}}ster, M. and Brucker, E. and Stock, S. and Fuentes, J.P. and Godoy, R. and Matus, F.J. and Oses Pedraza, R. and Osses McIntyre, P. and Paulino, L. and Seguel, O. and Bader, M.Y. and Boy, J. and Dippold, M.A. and Ehlers, T.A. and K{\"{u}}hn, P. and Kuzyakov, Y. and Leinweber, P. and Scholten, T. and Spielvogel, S. and Spohn, M. and {\"{U}}bernickel, K. and Tielb{\"{o}}rger, K. and Wagner, D. and von Blanckenburg, F.},
  year         = {2018},
  title        = {Data supplement to: {C}hemistry and {M}icrobiology of the {C}ritical {Z}one along a steep climate and vegetation gradient in the {C}hilean {C}oastal {C}ordillera},
  howpublished = {GFZ Data Services},
  doi          = {10.5880/GFZ.3.3.2018.001},
}

@article{Oeser2018b,
  author  = {Oeser, R.A. and Stroncik, N. and Moskwa, L.M. and Bernhard, N. and Schaller, M. and Canessa, R. and van den Brink, L. and K{\"{o}}ster, M. and Brucker, E. and Stock, S. and Fuentes, J.P. and Godoy, R. and Matus, F.J. and Oses Pedraza, R. and Osses McIntyre, P. and Paulino, L. and Seguel, O. and Bader, M.Y. and Boy, J. and Dippold, M.A. and Ehlers, T.A. and K{\"{u}}hn, P. and Kuzyakov, Y. and Leinweber, P. and Scholten, T. and Spielvogel, S. and Spohn, M. and {\"{U}}bernickel, K. and Tielb{\"{o}}rger, K. and Wagner, D. and von Blanckenburg, F.},
  year    = {2018},
  title   = {Chemistry and microbiology of the {C}ritical {Z}one along a steep climate and vegetation gradient in the {C}hilean {C}oastal {C}ordillera},
  journal = {Catena},
  volume  = {170},
  pages   = {183--203},
  doi     = {10.1016/j.catena.2018.06.002},
}

@article{Ollivier2011,
  author  = {Ollivier, J. and T{\"{o}}we, S. and Bannert, A. and Hai, B. and Kastl, E.M. and Meyer, A. and Su, M.X. and Kleineidam, K. and Schloter, M.},
  year    = {2011},
  title   = {Nitrogen turnover in soil and global change},
  journal = {FEMS Microbiology Ecology},
  volume  = {78},
  pages   = {3--16},
  doi     = {10.1111/j.1574-6941.2011.01165.x},
}

@article{Pankratov2007,
  author  = {Pankratov, T.A. and Tindall, B.J. and Liesack, W. and Dedysh, S.N.},
  year    = {2007},
  title   = {{Mucilaginibacter paludis} gen. nov., sp. nov. and {Mucilaginibacter gracilis} sp. nov., pectin-, xylan-and laminarin-degrading members of the family {Sphingobacteriaceae} from acidic {Sphagnum} peat bog},
  journal = {International Journal of Systematic and Evolutionary Microbiology},
  volume  = {57},
  pages   = {2349--2354},
  doi     = {10.1099/ijs.0.65123-0}, % DOI inferred
}

@article{Paredes2005,
  author  = {Paredes, C.J. and Alsaker, K.V. and Papoutsakis, E.T.},
  year    = {2005},
  title   = {A comparative genomic view of clostridial sporulation and physiology},
  journal = {Nature Reviews Microbiology},
  volume  = {3},
  pages   = {969--978},
  doi     = {10.1038/nrmicro1288}, % DOI inferred
}

@article{Proenca2017,
  author  = {Proença, D.N. and Whitman, W.B. and Shapiro, N. and Woyke, T. and Kyrpides, N.C. and Morais, P.V.},
  year    = {2017},
  title   = {Draft genome sequence of the cellulolytic endophyte {Chitinophaga costaii} {A37T2T}},
  journal = {Standards in Genomic Sciences},
  volume  = {12},
  pages   = {53},
  doi     = {10.1186/s40793-017-0262-2},
}

@article{Quast2012,
  author  = {Quast, C. and Pruesse, E. and Yilmaz, P. and Gerken, J. and Schweer, T. and Yarza, P. and Peplies, J. and Gl{\"{o}}ckner, F.O.},
  year    = {2012},
  title   = {The {SILVA} ribosomal {RNA} gene database project: improved data processing and web-based tools},
  journal = {Nucleic Acids Research},
  volume  = {41},
  number  = {D1},
  pages   = {D590--D596},
  doi     = {10.1093/nar/gks1219},
}

@article{Quirk2012,
  author  = {Quirk, J. and Beerling, D.J. and Banwart, S.A. and Kakonyi, G. and Romero-Gonzalez, M.E. and Leake, J.R.},
  year    = {2012},
  title   = {Evolution of trees and mycorrhizal fungi intensifies silicate mineral weathering},
  journal = {Biology Letters},
  volume  = {8},
  pages   = {1006--1011},
  doi     = {10.1098/rsbl.2012.0574}, % DOI inferred
}

@article{RiverasMunoz2022,
  author  = {Riveras-Muñoz, N. and Seitz, S. and Witzgall, K. and Rodríguez, V. and K{\"{u}}hn, P. and Mueller, C.W. and Oses, R. and Seguel, O. and Wagner, D. and Scholten, T.},
  year    = {2022},
  title   = {Biocrust-linked changes in soil aggregate stability along a climatic gradient in the {Chilean Coastal Range}},
  journal = {SOIL},
  volume  = {8},
  pages   = {717--731},
  doi     = {10.5194/soil-8-717-2022},
}

@article{Rodriguez2024,
  author  = {Rodriguez, V. and Bartholom{\"{a}}us, A. and Liebner, S. and Kallmeyer, J. and Rach, O. and Scholten, T. and Wagner, D.},
  year    = {2024},
  title   = {Microbial impact on initial soil formation in arid and semiarid environments under simulated climate change},
  journal = {Frontiers in Microbiology},
  volume  = {15},
  pages   = {1319997},
  doi     = {10.3389/fmicb.2024.1319997},
}

@article{Rodriguez2022,
  author  = {Rodriguez, V. and Moskwa, L.M. and Oses, R. and K{\"{u}}hn, P. and Riveras-Muñoz, N. and Seguel, O. and Scholten, T. and Wagner, D.},
  year    = {2022},
  title   = {Impact of Climate and Slope Aspects on the Composition of Soil Bacterial Communities Involved in Pedogenetic Processes along the {Chilean Coastal Cordillera}},
  journal = {Microorganisms},
  volume  = {10},
  number  = {5},
  pages   = {847},
  doi     = {10.3390/microorganisms10050847},
}

@article{Scholten2011,
  author  = {Scholten, T. and Geißler, C. and Goc, J. and K{\"{u}}hn, P. and Wiegand, C.},
  year    = {2011},
  title   = {A new splash cup to measure the kinetic energy of rainfall},
  journal = {Journal of Plant Nutrition and Soil Science},
  volume  = {174},
  pages   = {596--601},
  doi     = {10.1002/jpln.201000349},
}

@article{Schostag2019,
  author  = {Schostag, M. and Priemé, A. and Jacquiod, S. and Russel, J. and Ekelund, F. and Jacobsen, C.S.},
  year    = {2019},
  title   = {Bacterial and protozoan dynamics upon thawing and freezing of an active layer permafrost soil},
  journal = {The ISME Journal},
  volume  = {13}, % Volume inferred
  pages   = {1--14}, % Page count adjusted based on likely publication format
  doi     = {10.1038/s41396-019-0351-x},
}

@article{Sessitsch2001,
  author  = {Sessitsch, A. and Weilharter, A. and Gerzabek, M.H. and Kirchmann, H. and Kandeler, E.},
  year    = {2001},
  title   = {Microbial Population Structures in Soil Particle Size Fractions of a Long-Term Fertilizer Field Experiment},
  journal = {Applied and Environmental Microbiology},
  volume  = {67},
  number  = {9},
  pages   = {4215--4224},
  doi     = {10.1128/AEM.67.9.4215-4224.2001},
}

@article{Seuss2022,
  author  = {Seuss, I. and Scheibe, A. and Spohn, M.},
  year    = {2022},
  title   = {N2 fixation is less sensitive to changes in soil water content than carbon and net nitrogen mineralization},
  journal = {Geoderma},
  volume  = {424},
  pages   = {115973},
  doi     = {10.1016/j.geoderma.2022.115973},
}

@article{Shen2023,
  author  = {Shen, J. and Liang, Z. and Kuzyakov, Y. and Li, W. and He, Y. and Wang, C. and Xiao, Y. and Chen, K. and Sun, G. and Lei, Y.},
  year    = {2023},
  title   = {Dissolved organic matter defines microbial communities during initial soil formation after deglaciation},
  journal = {Science of The Total Environment},
  volume  = {878},
  pages   = {163171},
  doi     = {10.1016/j.scitotenv.2023.163171}, % DOI inferred
}

@article{Sieradzki2023,
  author  = {Sieradzki, E.T. and Nuccio, E.E. and Pett-Ridge, J. and Firestone, M.K.},
  year    = {2023},
  title   = {Expression of macromolecular organic nitrogen degrading enzymes identifies potential mediators of soil organic {N} availability to an annual grass},
  journal = {The ISME Journal},
  volume  = {17},
  pages   = {967--975},
  doi     = {10.1038/s41396-023-01402-3},
}

@article{Six2004,
  author  = {Six, J. and Bossuyt, H. and Degryze, S. and Denef, K.},
  year    = {2004},
  title   = {A history of research on the link between (micro)aggregates, soil biota, and soil organic matter dynamics},
  journal = {Soil and Tillage Research},
  volume  = {79},
  pages   = {7--31},
  doi     = {10.1016/j.still.2004.03.008},
}

@article{Six2000,
  author  = {Six, J. and Elliott, E.T. and Paustian, K.},
  year    = {2000},
  title   = {Soil macroaggregate turnover and microaggregate formation: a mechanism for {C} sequestration under no-tillage agriculture},
  journal = {Soil Biology and Biochemistry},
  volume  = {32},
  pages   = {2099--2103},
  doi     = {10.1016/S0038-0717(00)00179-6}, % DOI inferred
}

@article{Slessarev2016,
  author  = {Slessarev, E.W. and Lin, Y. and Bingham, N.L. and Johnson, J.E. and Dai, Y. and Schimel, J.P. and Chadwick, O.A.},
  year    = {2016},
  title   = {Water balance creates a threshold in soil {pH} at the global scale},
  journal = {Nature},
  volume  = {540},
  pages   = {567--569},
  doi     = {10.1038/nature20139},
}

@article{Stovicek2017,
  author  = {Stovicek, A. and Kim, M. and Or, D. and Gillor, O.},
  year    = {2017},
  title   = {Microbial community response to hydration-desiccation cycles in desert soil},
  journal = {Scientific Reports},
  volume  = {7},
  pages   = {45735},
  doi     = {10.1038/srep45735}, % DOI inferred
}

@article{Tisdall1982,
  author  = {Tisdall, J.M. and Oades, J.M.},
  year    = {1982},
  title   = {Organic matter and water‐stable aggregates in soils},
  journal = {Journal of Soil Science},
  volume  = {33},
  pages   = {141--163},
  doi     = {10.1111/j.1365-2389.1982.tb01755.x},
}

@article{Totsche2018,
  author  = {Totsche, K.U. and Amelung, W. and Gerzabek, M.H. and Guggenberger, G. and Klumpp, E. and Knief, C. and Lehndorff, E. and Mikutta, R. and Peth, S. and Prechtel, A. and Ray, N. and K{\"{o}}gel-Knabner, I.},
  year    = {2018},
  title   = {Microaggregates in soils},
  journal = {Journal of Plant Nutrition and Soil Science},
  volume  = {181},
  pages   = {104--136},
  doi     = {10.1002/jpln.201600451},
}

@misc{Uebernickel2020,
  author       = {{\"{U}}bernickel, K. and Ehlers, T.A. and Ershadi, M.R. and Paulino, L. and Fuentes, J.P. and Maldonado, A. and Oses-Pedraza, R. and von Blanckenburg, F.},
  year         = {2020},
  title        = {Time series of meteorological station data in the {EarthShape} study areas in the {Coastal Cordillera, Chile}},
  howpublished = {GFZ Data Services},
  doi          = {10.5880/fidgeo.2020.043},
}

@article{Vuko2020,
  author  = {Vuko, M. and Cania, B. and Vogel, C. and Kublik, S. and Schloter, M. and Schulz, S.},
  year    = {2020},
  title   = {Shifts in reclamation management strategies shape the role of exopolysaccharide and lipopolysaccharide‐producing bacteria during soil formation},
  journal = {Microbial Biotechnology},
  volume  = {13},
  pages   = {584--598},
  doi     = {10.1111/1751-7915.13526}, % DOI inferred
}

@article{Wang2020,
  author  = {Wang, Mei and Xie, X. and Wang, Mianzhi and Wu, J. and Zhou, Q. and Sun, Y.},
  year    = {2020},
  title   = {The bacterial microbiota in florfenicol contaminated soils: The antibiotic resistome and the nitrogen cycle},
  journal = {Environmental Pollution},
  volume  = {259},
  pages   = {113901},
  doi     = {10.1016/j.envpol.2019.113901},
}

@article{Wilpiszeski2019,
  author  = {Wilpiszeski, R.L. and Aufrecht, J.A. and Retterer, S.T. and Sullivan, M.B. and Graham, D.E. and Pierce, E.M. and Zablocki, O.D. and Palumbo, A.V. and Elias, D.A.},
  year    = {2019},
  title   = {Soil Aggregate Microbial Communities: Towards Understanding Microbiome Interactions at Biologically Relevant Scales},
  journal = {Applied and Environmental Microbiology},
  volume  = {85},
  number  = {14},
  pages   = {e00514--19}, % Corrected pages/eid format
  doi     = {10.1128/AEM.00514-19}, % DOI inferred
}

@article{Yang2019,
  author  = {Yang, C. and Liu, N. and Zhang, Y.},
  year    = {2019},
  title   = {Soil aggregates regulate the impact of soil bacterial and fungal communities on soil respiration},
  journal = {Geoderma},
  volume  = {337},
  pages   = {444--452},
  doi     = {10.1016/j.geoderma.2018.10.002},
}

@article{Yeager2017,
  author  = {Yeager, C.M. and Gallegos-Graves, L.V. and Dunbar, J. and Hesse, C.N. and Daligault, H. and Kuske, C.R.},
  year    = {2017},
  title   = {Polysaccharide degradation capability of {Actinomycetales} soil isolates from a semiarid grassland of the {Colorado Plateau}},
  journal = {Applied and Environmental Microbiology},
  volume  = {83},
  number  = {14},
  pages   = {e03020--16},
  doi     = {10.1128/AEM.03020-16},
}

@article{Zhang2022,
  author  = {Zhang, Z. and Wang, D. and Li, M.},
  year    = {2022},
  title   = {Soil respiration, aggregate stability and nutrient availability affected by drying duration and drying-rewetting frequency},
  journal = {Geoderma},
  volume  = {413},
  pages   = {115743},
  doi     = {10.1016/j.geoderma.2022.115743},
}